time,bid_price,bid_quantity,ask_price,ask_quantity
2022-01-22T16:42:07.35,35178.35,0.01704,35178.36,0.06705
2022-01-22T16:42:08.323,35178.35,0.18766,35178.36,0.06681
2022-01-22T16:42:09.318,35178.35,0.43184,35178.36,0.07652
2022-01-22T16:42:10.318,35173.01,0.00032,35173.02,0.64353
2022-01-22T16:42:11.735,35173.0,0.07144,35173.02,0.14264
2022-01-22T16:42:12.367,35177.61,0.13342,35177.62,0.38115
2022-01-22T16:42:13.318,35169.47,0.18668,35169.48,0.22058
2022-01-22T16:42:14.318,35173.9,0.07451,35173.91,0.16911
2022-01-22T16:42:15.318,35164.73,0.07451,35164.74,0.16287
2022-01-22T16:42:16.319,35165.27,0.26346,35165.28,0.17714
2022-01-22T16:42:17.318,35165.27,0.11968,35165.28,0.17628
2022-01-22T16:42:18.319,35172.8,0.07489,35172.81,0.38965
2022-01-22T16:42:19.319,35178.35,1.80811,35178.36,0.01415
2022-01-22T16:42:20.319,35179.21,0.00456,35180.6,0.031
2022-01-22T16:42:21.319,35165.27,0.29647,35165.28,0.43068
2022-01-22T16:42:22.32,35171.17,0.13137,35171.18,0.36012
2022-01-22T16:42:23.319,35171.17,0.10761,35171.18,0.53038
2022-01-22T16:42:24.32,35171.17,0.33761,35171.18,0.06998
2022-01-22T16:42:25.32,35166.3,0.15164,35166.31,0.81551
2022-01-22T16:42:26.32,35158.0,0.00162,35158.01,0.44235
2022-01-22T16:42:27.32,35155.0,0.39155,35155.01,0.64538
2022-01-22T16:42:28.32,35155.0,0.42697,35155.01,0.18486
2022-01-22T16:42:29.32,35155.0,0.3901,35155.01,0.33871
2022-01-22T16:42:30.32,35150.17,0.00085,35150.18,0.57956
2022-01-22T16:42:31.32,35150.17,2.0e-5,35150.18,0.34132
2022-01-22T16:42:32.32,35150.23,0.01148,35150.24,0.31243
2022-01-22T16:42:33.321,35150.36,0.0614,35152.48,0.16283
2022-01-22T16:42:34.321,35159.99,0.75075,35160.0,0.03
2022-01-22T16:42:35.32,35168.77,0.08343,35168.79,0.04266
2022-01-22T16:42:36.321,35165.38,0.05426,35165.39,0.19424
2022-01-22T16:42:37.32,35170.68,0.09108,35170.69,0.13952
2022-01-22T16:42:38.32,35175.63,0.41013,35175.64,0.06141
2022-01-22T16:42:39.32,35181.6,0.18234,35181.61,0.17793
2022-01-22T16:42:40.321,35176.16,0.05176,35181.16,0.155
2022-01-22T16:42:41.321,35177.63,0.16899,35177.64,0.05462
2022-01-22T16:42:42.321,35176.88,0.13548,35176.89,0.03107
2022-01-22T16:42:43.321,35176.88,0.29066,35176.89,0.16867
2022-01-22T16:42:44.321,35176.88,0.38084,35176.89,0.15942
2022-01-22T16:42:45.322,35176.88,0.08017,35176.89,0.10246
2022-01-22T16:42:46.321,35181.46,0.10816,35181.47,0.3337
2022-01-22T16:42:47.322,35177.43,0.07192,35177.44,0.3534
2022-01-22T16:42:48.323,35169.26,2.0e-5,35169.27,1.15799
2022-01-22T16:42:49.321,35177.42,0.10551,35177.43,0.14788
2022-01-22T16:42:50.322,35188.95,0.48093,35189.71,0.05378
2022-01-22T16:42:51.322,35192.48,0.32472,35192.81,0.2
2022-01-22T16:42:52.322,35190.56,0.09775,35190.57,0.01168
2022-01-22T16:42:53.322,35185.99,0.04706,35188.94,0.08333
2022-01-22T16:42:54.322,35186.73,0.28173,35186.74,0.60127
2022-01-22T16:42:55.323,35181.42,0.155,35186.74,0.46213
2022-01-22T16:42:56.323,35183.11,0.0714,35183.12,0.50269
2022-01-22T16:42:57.323,35183.11,0.04809,35183.12,3.45665
2022-01-22T16:42:58.323,35173.0,0.01384,35173.01,0.5725
2022-01-22T16:42:59.323,35182.98,1.14559,35182.99,0.16979
2022-01-22T16:43:00.323,35182.98,0.62217,35182.99,0.11024
2022-01-22T16:43:01.324,35182.98,0.5603,35182.99,0.08864
2022-01-22T16:43:02.324,35191.5,0.14558,35191.51,0.25566
2022-01-22T16:43:03.324,35193.88,0.04673,35193.89,0.34944
2022-01-22T16:43:04.323,35193.88,0.18468,35193.89,0.38534
2022-01-22T16:43:05.324,35193.88,0.03721,35193.89,0.63534
2022-01-22T16:43:06.324,35192.04,0.22304,35192.05,0.12612
2022-01-22T16:43:07.324,35198.99,0.22653,35199.0,0.29368
2022-01-22T16:43:08.324,35198.99,0.21952,35199.0,0.27949
2022-01-22T16:43:09.324,35199.99,1.01255,35200.0,0.39645
2022-01-22T16:43:10.324,35200.99,0.21284,35201.0,0.93095
2022-01-22T16:43:11.324,35200.99,0.16275,35201.0,0.68861
2022-01-22T16:43:12.324,35191.38,0.15264,35193.99,0.16878
2022-01-22T16:43:13.325,35188.77,0.19678,35188.78,0.22522
2022-01-22T16:43:14.325,35185.25,0.51674,35187.34,0.10779
2022-01-22T16:43:15.324,35185.25,0.27118,35185.26,0.47672
2022-01-22T16:43:16.325,35183.11,0.00713,35183.12,0.3317
2022-01-22T16:43:17.325,35177.66,0.14902,35177.67,0.333
2022-01-22T16:43:18.324,35177.66,0.1325,35177.67,0.15356
2022-01-22T16:43:19.325,35168.95,0.1119,35168.96,0.06901
2022-01-22T16:43:20.325,35173.26,0.48651,35173.27,0.00459
2022-01-22T16:43:21.326,35166.24,0.08992,35167.44,0.155
2022-01-22T16:43:22.325,35159.59,0.03776,35159.6,1.84233
2022-01-22T16:43:23.325,35157.79,0.17306,35157.8,0.38368
2022-01-22T16:43:24.327,35156.76,0.02783,35156.77,0.39846
2022-01-22T16:43:25.326,35156.76,0.09485,35156.77,0.29947
2022-01-22T16:43:26.325,35156.76,0.08084,35156.77,0.26568
2022-01-22T16:43:27.326,35156.76,0.24845,35156.77,0.11296
2022-01-22T16:43:28.326,35150.18,0.09248,35150.19,0.47768
2022-01-22T16:43:29.327,35150.18,0.06597,35150.19,0.41865
2022-01-22T16:43:30.327,35151.04,0.41125,35151.05,0.09711
2022-01-22T16:43:31.326,35164.06,0.07974,35164.07,0.29903
2022-01-22T16:43:32.327,35163.65,0.31162,35163.66,0.14348
2022-01-22T16:43:33.327,35156.76,0.00033,35156.77,1.21102
2022-01-22T16:43:34.328,35153.77,0.26319,35153.78,0.05083
2022-01-22T16:43:35.327,35156.75,0.1248,35156.76,0.25379
2022-01-22T16:43:36.328,35162.07,0.26317,35162.08,1.0e-5
2022-01-22T16:43:37.328,35162.07,0.0893,35162.08,0.40355
2022-01-22T16:43:38.328,35152.22,0.24342,35152.23,0.031
2022-01-22T16:43:39.328,35152.23,0.10119,35152.24,0.13026
2022-01-22T16:43:40.329,35161.03,0.11426,35161.04,0.38855
2022-01-22T16:43:41.331,35168.63,0.10873,35168.64,0.35532
2022-01-22T16:43:42.331,35161.05,0.00056,35161.42,0.25
2022-01-22T16:43:43.331,35144.07,0.04235,35146.46,0.25
2022-01-22T16:43:44.331,35148.4,0.09336,35148.41,0.00865
2022-01-22T16:43:45.332,35136.12,0.03121,35137.11,0.01912
2022-01-22T16:43:46.332,35135.95,0.00737,35135.96,0.37164
2022-01-22T16:43:47.331,35120.19,0.07806,35123.71,0.04373
2022-01-22T16:43:48.332,35141.08,0.12777,35141.09,0.57819
2022-01-22T16:43:49.332,35128.91,0.00056,35128.92,4.51889
2022-01-22T16:43:50.332,35125.28,0.08628,35125.29,0.07117
2022-01-22T16:43:51.332,35120.02,2.44,35127.05,0.19533
2022-01-22T16:43:52.332,35128.11,0.09267,35128.12,0.13391
2022-01-22T16:43:53.333,35133.89,0.82549,35133.9,0.53036
2022-01-22T16:43:54.332,35145.36,0.34649,35145.37,0.32928
2022-01-22T16:43:55.332,35148.45,0.13703,35148.46,0.07851
2022-01-22T16:43:56.333,35156.11,0.00838,35156.12,0.44424
2022-01-22T16:43:57.332,35153.57,0.34016,35155.97,0.14842
2022-01-22T16:43:58.333,35149.96,0.18076,35149.97,0.18768
2022-01-22T16:43:59.333,35144.9,0.155,35149.93,0.19486
2022-01-22T16:44:00.334,35145.95,0.04706,35149.63,0.031
2022-01-22T16:44:01.333,35143.9,0.02193,35145.16,0.031
2022-01-22T16:44:02.333,35134.81,0.00097,35134.82,4.30351
2022-01-22T16:44:03.333,35108.34,0.05147,35108.35,0.39886
2022-01-22T16:44:04.333,35117.02,0.44372,35117.03,0.05257
2022-01-22T16:44:05.333,35125.99,0.37687,35126.0,0.15458
2022-01-22T16:44:06.334,35124.99,0.15148,35125.0,0.161
2022-01-22T16:44:07.333,35132.19,0.25,35135.71,0.155
2022-01-22T16:44:08.333,35135.65,0.00136,35135.66,0.76537
2022-01-22T16:44:09.334,35130.98,0.1207,35135.44,0.28247
2022-01-22T16:44:10.332,35140.04,0.4012,35140.05,0.08141
2022-01-22T16:44:11.333,35149.75,0.02947,35149.76,0.23696
2022-01-22T16:44:12.334,35135.65,0.00569,35135.66,3.05486
2022-01-22T16:44:13.334,35135.65,0.24313,35135.66,0.36303
2022-01-22T16:44:14.334,35139.61,0.16392,35139.62,0.08196
2022-01-22T16:44:15.334,35136.1,0.155,35138.49,0.07116
2022-01-22T16:44:16.334,35145.98,0.03618,35145.99,2.85797
2022-01-22T16:44:17.333,35158.46,0.13513,35158.47,0.13666
2022-01-22T16:44:18.333,35154.95,0.09219,35154.96,0.09016
2022-01-22T16:44:19.334,35155.97,0.07806,35159.93,0.05542
2022-01-22T16:44:20.334,35164.14,1.29706,35165.8,0.00427
2022-01-22T16:44:21.334,35167.4,0.17336,35167.41,0.10032
2022-01-22T16:44:22.334,35167.33,0.12542,35167.34,0.96138
2022-01-22T16:44:23.335,35167.33,0.10121,35167.34,0.39232
2022-01-22T16:44:24.335,35169.99,0.13726,35170.0,0.48588
2022-01-22T16:44:25.335,35163.41,0.00938,35163.42,0.42513
2022-01-22T16:44:26.334,35172.58,0.08017,35172.59,0.48368
2022-01-22T16:44:27.335,35167.34,0.15645,35167.35,0.23231
2022-01-22T16:44:28.335,35167.34,0.06641,35167.35,0.07199
2022-01-22T16:44:29.335,35167.34,0.28036,35167.35,0.20542
2022-01-22T16:44:30.335,35167.34,0.30967,35167.35,0.07604
2022-01-22T16:44:31.335,35167.34,0.2767,35167.35,0.12259
2022-01-22T16:44:32.335,35155.16,0.30595,35155.17,0.04678
2022-01-22T16:44:33.335,35161.8,0.49011,35161.81,0.15891
2022-01-22T16:44:34.335,35161.8,0.1934,35161.81,0.45694
2022-01-22T16:44:35.335,35161.8,0.28171,35161.81,0.41527
2022-01-22T16:44:36.336,35161.8,0.07064,35161.81,0.47865
2022-01-22T16:44:37.335,35161.8,0.16655,35161.81,0.44451
2022-01-22T16:44:38.336,35161.8,0.25024,35161.81,0.41298
2022-01-22T16:44:39.335,35161.79,1.59427,35161.8,0.22371
2022-01-22T16:44:40.335,35167.39,0.93349,35167.4,0.28748
2022-01-22T16:44:41.336,35167.39,0.62497,35167.4,0.37127
2022-01-22T16:44:42.336,35167.39,1.30128,35167.4,0.09293
2022-01-22T16:44:43.335,35175.99,0.01983,35176.0,0.41832
2022-01-22T16:44:44.335,35175.99,0.09454,35176.0,0.50019
2022-01-22T16:44:45.336,35175.99,0.01183,35176.0,0.55141
2022-01-22T16:44:46.336,35171.29,0.22434,35171.3,0.33469
2022-01-22T16:44:47.336,35171.29,0.36315,35171.3,0.15815
2022-01-22T16:44:48.335,35172.66,0.03499,35175.67,0.04718
2022-01-22T16:44:49.336,35183.65,0.08111,35183.66,0.19834
2022-01-22T16:44:50.336,35185.28,0.01848,35187.22,0.1473
2022-01-22T16:44:51.337,35192.71,0.32634,35192.72,0.09929
2022-01-22T16:44:52.336,35192.71,0.86924,35192.72,0.02207
2022-01-22T16:44:53.336,35199.65,0.33621,35199.66,0.26322
2022-01-22T16:44:54.336,35199.99,1.90118,35200.0,0.35193
2022-01-22T16:44:55.336,35200.99,1.49631,35201.0,0.57624
2022-01-22T16:44:56.336,35192.53,0.13766,35192.54,0.36032
2022-01-22T16:44:57.337,35200.99,0.73017,35201.0,0.69695
2022-01-22T16:44:58.337,35193.61,0.19076,35193.62,0.14792
2022-01-22T16:44:59.337,35193.61,0.13759,35193.62,0.14792
2022-01-22T16:45:00.337,35193.61,0.2195,35193.62,0.07719
2022-01-22T16:45:01.336,35193.61,0.29892,35193.62,0.41251
2022-01-22T16:45:02.336,35183.18,0.00389,35183.19,0.72318
2022-01-22T16:45:03.338,35181.63,0.26666,35181.64,0.23723
2022-01-22T16:45:04.339,35188.86,0.25117,35188.87,0.44521
2022-01-22T16:45:05.339,35175.56,0.10084,35175.57,0.21818
2022-01-22T16:45:06.339,35179.1,0.46675,35179.11,0.00496
2022-01-22T16:45:07.339,35183.52,0.33091,35183.53,0.11252
2022-01-22T16:45:08.339,35186.04,0.05622,35186.05,0.38864
2022-01-22T16:45:09.339,35186.04,0.19082,35186.05,0.38656
2022-01-22T16:45:10.338,35178.04,0.16506,35178.05,0.21818
2022-01-22T16:45:11.34,35179.52,0.31367,35179.53,0.09818
2022-01-22T16:45:12.34,35171.78,0.19685,35172.3,0.18653
2022-01-22T16:45:13.34,35168.66,0.71722,35168.67,0.1
2022-01-22T16:45:14.34,35179.99,0.61466,35180.0,0.17449
2022-01-22T16:45:15.339,35183.51,0.1216,35183.52,0.20359
2022-01-22T16:45:16.339,35183.51,0.84449,35183.52,0.08649
2022-01-22T16:45:17.34,35172.1,0.10909,35172.11,0.28395
2022-01-22T16:45:18.34,35172.1,0.11405,35172.11,0.31305
2022-01-22T16:45:19.34,35165.78,1.0e-5,35165.79,0.79197
2022-01-22T16:45:20.34,35165.78,0.29276,35165.79,0.10326
2022-01-22T16:45:21.346,35165.78,0.07496,35165.79,0.24391
2022-01-22T16:45:22.346,35146.11,0.29852,35146.12,0.07418
2022-01-22T16:45:23.346,35150.0,0.40423,35150.01,0.05259
2022-01-22T16:45:24.346,35158.82,1.17378,35158.83,0.09476
2022-01-22T16:45:25.346,35162.23,0.50219,35162.24,0.21869
2022-01-22T16:45:26.346,35166.32,0.05342,35166.33,0.27727
2022-01-22T16:45:27.347,35170.37,0.75468,35170.38,0.01119
2022-01-22T16:45:28.346,35172.09,0.91239,35172.1,0.23882
2022-01-22T16:45:29.347,35172.09,0.72101,35172.1,0.02193
2022-01-22T16:45:30.347,35168.57,0.26758,35168.85,0.0711
2022-01-22T16:45:31.359,35175.9,1.00234,35175.91,0.0973
2022-01-22T16:45:32.355,35175.9,0.64715,35175.91,0.09637
2022-01-22T16:45:33.356,35175.9,0.80074,35175.91,0.05513
2022-01-22T16:45:34.355,35176.09,0.01036,35180.89,0.16839
2022-01-22T16:45:35.358,35180.82,1.0e-5,35180.83,0.40564
2022-01-22T16:45:36.36,35185.58,0.69895,35185.59,0.14577
2022-01-22T16:45:37.359,35185.58,0.57961,35185.59,0.24577
2022-01-22T16:45:38.357,35180.82,0.80081,35180.83,0.06519
2022-01-22T16:45:39.358,35185.58,0.25498,35185.59,0.29678
2022-01-22T16:45:40.357,35185.58,0.38431,35185.59,0.28785
2022-01-22T16:45:41.356,35176.08,0.07877,35176.09,0.14213
2022-01-22T16:45:42.357,35166.32,0.11039,35166.33,0.65052
2022-01-22T16:45:43.357,35179.99,1.86442,35180.0,0.3892
2022-01-22T16:45:44.357,35179.99,0.06535,35180.0,0.12326
2022-01-22T16:45:45.357,35183.91,0.42017,35183.92,0.01421
2022-01-22T16:45:46.358,35185.58,0.32887,35185.59,0.10953
2022-01-22T16:45:47.358,35185.58,0.31205,35185.59,0.21472
2022-01-22T16:45:48.359,35185.58,4.99847,35185.59,0.00031
2022-01-22T16:45:49.358,35185.58,0.21817,35185.59,0.11219
2022-01-22T16:45:50.358,35185.58,0.11344,35185.59,0.00077
2022-01-22T16:45:51.359,35184.02,0.30386,35184.03,0.61029
2022-01-22T16:45:52.361,35188.86,1.45254,35188.87,0.0051
2022-01-22T16:45:53.361,35188.86,1.0212,35188.87,1.0e-5
2022-01-22T16:45:54.363,35193.9,0.92595,35193.91,0.00426
2022-01-22T16:45:55.365,35199.99,0.94776,35200.0,0.22827
2022-01-22T16:45:56.367,35190.07,0.13555,35190.08,0.3067
2022-01-22T16:45:57.363,35190.07,0.25087,35190.08,0.21992
2022-01-22T16:45:58.362,35192.42,1.00923,35192.43,0.18863
2022-01-22T16:45:59.362,35182.06,0.24005,35182.07,0.32303
2022-01-22T16:46:00.36,35182.14,0.47739,35182.15,0.51016
2022-01-22T16:46:01.361,35189.84,0.52243,35189.85,0.10066
2022-01-22T16:46:02.36,35183.84,0.1227,35183.85,0.22225
2022-01-22T16:46:03.362,35193.37,0.30046,35193.38,0.19781
2022-01-22T16:46:04.361,35195.19,0.155,35195.2,0.12743
2022-01-22T16:46:05.364,35196.75,0.20243,35196.76,0.266
2022-01-22T16:46:06.361,35196.75,0.02733,35196.76,4.55719
2022-01-22T16:46:07.361,35188.04,0.25189,35188.05,0.42115
2022-01-22T16:46:08.36,35188.04,0.38634,35188.05,0.31219
2022-01-22T16:46:09.359,35188.04,0.38634,35188.05,0.42904
2022-01-22T16:46:10.364,35173.51,0.01421,35173.52,1.30093
2022-01-22T16:46:11.362,35169.54,0.398,35169.55,0.04706
2022-01-22T16:46:12.362,35162.68,0.03737,35164.13,0.031
2022-01-22T16:46:13.362,35165.42,0.00283,35165.43,0.46818
2022-01-22T16:46:14.361,35165.42,0.00568,35165.43,0.46522
2022-01-22T16:46:15.361,35155.06,0.16251,35159.84,0.10669
2022-01-22T16:46:16.363,35148.02,0.18556,35148.03,0.21818
2022-01-22T16:46:17.364,35142.17,0.09864,35144.39,0.1505
2022-01-22T16:46:18.361,35147.82,0.1545,35149.82,0.00304
2022-01-22T16:46:19.36,35149.85,0.155,35149.86,0.21617
2022-01-22T16:46:20.36,35146.01,0.03093,35148.64,0.21419
2022-01-22T16:46:21.362,35145.32,0.04113,35145.33,0.51249
2022-01-22T16:46:22.364,35142.37,1.0e-5,35142.38,3.14949
2022-01-22T16:46:23.363,35134.3,0.51262,35134.31,0.29748
2022-01-22T16:46:24.364,35141.68,0.714,35141.69,0.06909
2022-01-22T16:46:25.362,35134.6,0.05142,35140.53,0.43021
2022-01-22T16:46:26.361,35137.0,0.10974,35137.01,0.125
2022-01-22T16:46:27.36,35134.6,0.21476,35134.61,0.21653
2022-01-22T16:46:28.359,35134.6,0.09738,35134.61,0.3837
2022-01-22T16:46:29.365,35130.0,0.03747,35130.01,1.18842
2022-01-22T16:46:30.367,35120.32,2.95817,35120.33,0.19524
2022-01-22T16:46:31.365,35122.59,0.02423,35122.6,0.37631
2022-01-22T16:46:32.363,35120.0,0.59041,35120.01,0.32522
2022-01-22T16:46:33.362,35121.53,0.10035,35121.54,0.33187
2022-01-22T16:46:34.368,35113.76,0.06419,35113.77,0.22691
2022-01-22T16:46:35.366,35115.57,0.16661,35115.58,0.05132
2022-01-22T16:46:36.363,35115.57,0.00328,35115.58,0.77181
2022-01-22T16:46:37.366,35110.0,0.03604,35110.01,0.155
2022-01-22T16:46:38.365,35114.99,1.04399,35115.0,0.26325
2022-01-22T16:46:39.364,35110.5,0.07002,35110.51,0.07122
2022-01-22T16:46:40.364,35113.61,0.1919,35113.62,1.11544
2022-01-22T16:46:41.366,35113.61,0.18633,35113.62,0.88069
2022-01-22T16:46:42.365,35113.61,1.0e-5,35113.62,1.65078
2022-01-22T16:46:43.366,35107.23,0.08002,35107.24,0.15922
2022-01-22T16:46:44.366,35108.01,0.10888,35111.94,0.05124
2022-01-22T16:46:45.366,35118.15,0.2777,35118.16,0.02
2022-01-22T16:46:46.366,35123.73,0.10021,35123.74,0.18032
2022-01-22T16:46:47.365,35114.94,0.04796,35114.95,0.3347
2022-01-22T16:46:48.366,35118.99,0.08006,35119.0,0.09016
2022-01-22T16:46:49.366,35113.96,0.06504,35113.97,0.45668
2022-01-22T16:46:50.366,35111.53,0.06777,35111.54,0.14054
2022-01-22T16:46:51.366,35111.53,0.10257,35111.54,0.13764
2022-01-22T16:46:52.365,35114.65,0.0806,35114.66,0.11153
2022-01-22T16:46:53.367,35118.13,0.22623,35118.14,0.18032
2022-01-22T16:46:54.366,35126.23,0.07116,35126.24,0.36757
2022-01-22T16:46:55.366,35121.69,0.06265,35121.7,0.47552
2022-01-22T16:46:56.367,35121.69,0.00511,35121.7,0.57507
2022-01-22T16:46:57.367,35121.69,0.05217,35121.7,0.38907
2022-01-22T16:46:58.367,35124.06,0.17753,35124.07,0.17205
2022-01-22T16:46:59.367,35124.06,0.17678,35124.07,0.28705
2022-01-22T16:47:00.367,35116.38,0.14206,35116.39,0.3575
2022-01-22T16:47:01.367,35121.62,0.0553,35121.63,0.0236
2022-01-22T16:47:02.367,35126.61,0.1938,35126.62,0.21017
2022-01-22T16:47:03.368,35119.07,0.33125,35119.08,0.22381
2022-01-22T16:47:04.367,35124.42,0.01299,35124.43,0.44645
2022-01-22T16:47:05.368,35119.81,0.2407,35119.82,0.34695
2022-01-22T16:47:06.368,35123.25,0.85458,35123.26,0.23955
2022-01-22T16:47:07.368,35123.25,0.82258,35123.26,0.22262
2022-01-22T16:47:08.368,35123.25,0.27437,35123.26,0.22262
2022-01-22T16:47:09.368,35121.27,0.20947,35121.28,0.2299
2022-01-22T16:47:10.369,35121.27,0.04735,35121.28,0.10542
2022-01-22T16:47:11.369,35114.94,0.21059,35114.95,1.43722
2022-01-22T16:47:12.369,35114.68,0.10801,35114.69,0.65301
2022-01-22T16:47:13.369,35105.59,0.00227,35105.6,0.81604
2022-01-22T16:47:14.37,35099.41,0.00731,35099.42,1.36881
2022-01-22T16:47:15.372,35084.79,0.04017,35084.8,0.03061
2022-01-22T16:47:16.37,35084.83,0.25,35084.84,0.00274
2022-01-22T16:47:17.368,35080.66,0.00487,35080.67,0.68289
2022-01-22T16:47:18.37,35078.2,0.00337,35078.46,0.79474
2022-01-22T16:47:19.369,35078.2,1.0e-5,35078.21,1.52579
2022-01-22T16:47:20.369,35080.66,0.51253,35080.67,0.74702
2022-01-22T16:47:21.369,35092.59,0.064,35092.6,0.20012
2022-01-22T16:47:22.369,35094.93,0.06931,35094.94,0.62617
2022-01-22T16:47:23.37,35103.51,0.15588,35103.52,0.58015
2022-01-22T16:47:24.37,35100.63,0.36461,35100.64,0.35565
2022-01-22T16:47:25.37,35100.63,0.32869,35100.64,0.23336
2022-01-22T16:47:26.37,35102.58,0.11447,35102.59,0.23764
2022-01-22T16:47:27.37,35102.08,0.33804,35102.09,0.27857
2022-01-22T16:47:28.37,35105.63,0.24612,35105.64,0.41753
2022-01-22T16:47:29.37,35105.34,0.07408,35109.98,0.12
2022-01-22T16:47:30.37,35100.16,0.23085,35100.17,0.43573
2022-01-22T16:47:31.371,35100.16,0.30009,35100.17,0.12
2022-01-22T16:47:32.37,35096.66,0.12,35096.67,0.46604
2022-01-22T16:47:33.37,35091.97,2.0e-5,35091.98,0.82111
2022-01-22T16:47:34.371,35079.37,0.129,35079.38,1.76175
2022-01-22T16:47:35.371,35073.71,0.05882,35078.22,0.087
2022-01-22T16:47:36.371,35078.22,0.10134,35078.23,0.01
2022-01-22T16:47:37.372,35071.41,0.00021,35071.42,0.83063
2022-01-22T16:47:38.371,35071.41,0.00021,35071.42,0.55995
2022-01-22T16:47:39.371,35069.64,0.0095,35069.65,0.0429
2022-01-22T16:47:40.371,35078.22,0.02373,35078.23,0.38421
2022-01-22T16:47:41.376,35071.72,0.15848,35071.73,0.16947
2022-01-22T16:47:42.377,35069.53,0.16509,35069.54,0.10708
2022-01-22T16:47:43.376,35065.13,0.12599,35065.14,0.34871
2022-01-22T16:47:44.377,35065.13,0.20297,35065.14,0.031
2022-01-22T16:47:45.377,35053.34,0.08847,35053.35,0.09934
2022-01-22T16:47:46.378,35067.7,0.10764,35067.71,0.33594
2022-01-22T16:47:47.377,35069.13,0.04409,35069.14,0.15116
2022-01-22T16:47:48.377,35079.75,0.97522,35079.76,0.19282
2022-01-22T16:47:49.377,35077.63,0.23523,35077.64,0.19655
2022-01-22T16:47:50.378,35079.75,0.45126,35079.76,0.03949
2022-01-22T16:47:51.378,35079.17,0.23534,35079.18,0.15603
2022-01-22T16:47:52.378,35079.05,0.00037,35079.06,0.49773
2022-01-22T16:47:53.379,35079.05,0.09917,35079.06,0.17611
2022-01-22T16:47:54.378,35079.99,0.13764,35080.0,0.10525
2022-01-22T16:47:55.379,35079.99,0.33274,35080.0,0.3682
2022-01-22T16:47:56.379,35083.75,0.12487,35083.76,0.271
2022-01-22T16:47:57.379,35083.75,0.15135,35083.76,0.2
2022-01-22T16:47:58.379,35079.05,1.0e-5,35079.06,0.67073
2022-01-22T16:47:59.378,35079.05,3.0e-5,35079.06,0.71755
2022-01-22T16:48:00.379,35073.67,0.15083,35078.06,0.05675
2022-01-22T16:48:01.379,35085.5,0.37442,35085.51,0.16748
2022-01-22T16:48:02.379,35085.5,0.1907,35085.51,0.13814
2022-01-22T16:48:03.378,35084.77,0.13758,35084.78,0.29862
2022-01-22T16:48:04.379,35093.84,0.11132,35093.85,0.24
2022-01-22T16:48:05.379,35102.07,0.10851,35102.08,0.4864
2022-01-22T16:48:06.378,35102.07,0.26343,35102.08,0.26267
2022-01-22T16:48:07.378,35107.27,0.20294,35107.28,0.29573
2022-01-22T16:48:08.38,35102.8,0.155,35109.72,3.22683
2022-01-22T16:48:09.38,35096.93,0.44282,35096.94,0.0577
2022-01-22T16:48:10.379,35084.77,0.1878,35084.78,0.57429
2022-01-22T16:48:11.379,35084.77,0.6099,35084.78,0.0529
2022-01-22T16:48:12.38,35097.5,0.59954,35097.51,0.12
2022-01-22T16:48:13.38,35096.4,0.76136,35096.41,0.04706
2022-01-22T16:48:14.379,35084.77,0.0647,35084.78,1.0438
2022-01-22T16:48:15.38,35084.77,0.48081,35084.78,0.23416
2022-01-22T16:48:16.38,35068.5,0.16307,35068.51,0.08
2022-01-22T16:48:17.38,35064.36,0.24,35064.37,0.16057
2022-01-22T16:48:18.379,35066.83,0.17638,35066.84,0.1513
2022-01-22T16:48:19.38,35066.83,0.2632,35066.84,0.55739
2022-01-22T16:48:20.38,35061.33,0.05,35061.34,0.12
2022-01-22T16:48:21.38,35061.33,0.26146,35061.34,0.00084
2022-01-22T16:48:22.38,35054.97,0.14944,35054.98,0.11129
2022-01-22T16:48:23.381,35055.04,0.3566,35055.05,0.2315
2022-01-22T16:48:24.38,35064.36,1.11447,35064.37,0.02805
2022-01-22T16:48:25.381,35069.99,0.11527,35070.0,0.12751
2022-01-22T16:48:26.38,35074.44,0.54814,35074.45,0.02114
2022-01-22T16:48:27.381,35080.26,0.2155,35080.27,0.1243
2022-01-22T16:48:28.38,35073.01,0.17543,35073.02,0.406
2022-01-22T16:48:29.381,35079.89,0.23913,35079.9,0.16807
2022-01-22T16:48:30.38,35075.91,0.38216,35075.92,0.17993
2022-01-22T16:48:31.381,35079.55,0.23526,35081.5,0.01628
2022-01-22T16:48:32.381,35083.86,0.24961,35083.87,0.20909
2022-01-22T16:48:33.381,35079.55,0.13819,35079.56,0.29169
2022-01-22T16:48:34.382,35083.7,0.16728,35083.71,0.25696
2022-01-22T16:48:35.381,35083.1,0.10909,35083.11,0.16921
2022-01-22T16:48:36.382,35088.99,0.19471,35089.0,0.00942
2022-01-22T16:48:37.382,35090.83,0.10909,35090.84,0.1532
2022-01-22T16:48:38.382,35090.82,0.10909,35090.83,0.21818
2022-01-22T16:48:39.381,35095.66,0.06895,35095.67,0.84412
2022-01-22T16:48:40.382,35095.66,0.02793,35095.67,0.53245
2022-01-22T16:48:41.382,35097.83,0.47405,35097.84,0.04724
2022-01-22T16:48:42.381,35099.77,0.37876,35099.78,0.12126
2022-01-22T16:48:43.383,35091.26,0.12056,35091.27,0.15679
2022-01-22T16:48:44.382,35073.84,0.0235,35079.22,0.01085
2022-01-22T16:48:45.382,35067.02,0.11763,35072.44,0.04016
2022-01-22T16:48:46.387,35063.8,0.06317,35063.81,0.82274
2022-01-22T16:48:47.382,35072.41,0.6495,35072.42,0.15542
2022-01-22T16:48:48.385,35069.9,0.26031,35069.91,0.30057
2022-01-22T16:48:49.382,35069.9,0.2136,35069.91,0.06057
2022-01-22T16:48:50.387,35082.24,0.19962,35082.25,0.86938
2022-01-22T16:48:51.382,35075.0,0.01152,35075.01,0.2806
2022-01-22T16:48:52.383,35074.85,0.09267,35078.21,0.01
2022-01-22T16:48:53.383,35081.99,1.50961,35082.0,0.02
2022-01-22T16:48:54.385,35090.13,0.19781,35090.14,0.23716
2022-01-22T16:48:55.383,35089.97,0.38533,35089.98,0.15159
2022-01-22T16:48:56.387,35092.66,1.04313,35092.67,0.10497
2022-01-22T16:48:57.384,35094.63,0.03981,35094.64,0.39989
2022-01-22T16:48:58.385,35083.61,0.02,35083.62,0.53218
2022-01-22T16:48:59.383,35088.65,0.48444,35088.66,0.01444
2022-01-22T16:49:00.386,35094.63,0.41992,35094.64,0.05736
2022-01-22T16:49:01.383,35064.82,0.0713,35066.84,0.12166
2022-01-22T16:49:02.386,35059.43,0.06493,35059.44,0.25
2022-01-22T16:49:03.383,35054.94,0.02555,35058.49,0.04249
2022-01-22T16:49:04.386,35064.99,0.60997,35065.0,0.17437
2022-01-22T16:49:05.384,35064.97,0.3826,35064.98,0.31388
2022-01-22T16:49:06.384,35059.0,0.20348,35059.01,0.36569
2022-01-22T16:49:07.384,35061.72,0.21919,35061.73,0.12
2022-01-22T16:49:08.388,35066.97,0.3088,35066.98,0.12462
2022-01-22T16:49:09.384,35060.93,0.155,35065.35,0.08694
2022-01-22T16:49:10.385,35068.62,0.25084,35070.4,0.03995
2022-01-22T16:49:11.391,35072.77,0.29245,35072.78,0.12
2022-01-22T16:49:12.39,35058.17,0.00029,35058.18,0.83873
2022-01-22T16:49:13.391,35055.8,0.19952,35055.81,0.20536
2022-01-22T16:49:14.391,35042.56,0.12,35043.27,0.03819
2022-01-22T16:49:15.392,35036.83,0.12537,35036.84,0.76684
2022-01-22T16:49:16.391,35031.68,0.09059,35031.69,0.24955
2022-01-22T16:49:17.391,35047.01,0.10813,35047.02,0.27805
2022-01-22T16:49:18.391,35036.06,0.38795,35036.07,0.031
2022-01-22T16:49:19.392,35044.33,0.42741,35044.34,0.031
2022-01-22T16:49:20.392,35035.52,0.02,35035.53,0.88988
2022-01-22T16:49:21.392,35038.08,0.10003,35038.09,0.21706
2022-01-22T16:49:22.392,35038.08,0.08319,35038.09,4.81139
2022-01-22T16:49:23.392,35030.57,0.13062,35030.58,0.05365
2022-01-22T16:49:24.391,35033.12,0.05083,35033.13,0.09165
2022-01-22T16:49:25.392,35037.58,0.10583,35037.59,0.5873
2022-01-22T16:49:26.392,35037.58,0.23451,35037.59,0.08329
2022-01-22T16:49:27.391,35044.38,0.10909,35044.39,0.16174
2022-01-22T16:49:28.391,35044.71,0.21394,35044.72,0.40753
2022-01-22T16:49:29.392,35035.8,0.21676,35035.81,0.88599
2022-01-22T16:49:30.392,35034.41,0.00057,35034.42,1.0013
2022-01-22T16:49:31.392,35034.4,0.25198,35034.41,0.19991
2022-01-22T16:49:32.392,35029.29,0.09021,35030.91,0.24002
2022-01-22T16:49:33.392,35029.29,0.06426,35029.3,0.17402
2022-01-22T16:49:34.392,35019.88,0.21738,35019.89,0.11258
2022-01-22T16:49:35.392,35019.87,0.07925,35019.88,0.51519
2022-01-22T16:49:36.392,35028.98,0.19177,35028.99,0.18778
2022-01-22T16:49:37.392,35028.85,0.155,35030.1,0.07137
2022-01-22T16:49:38.392,35030.85,0.50257,35030.86,0.1
2022-01-22T16:49:39.392,35034.41,0.30461,35034.42,0.11943
2022-01-22T16:49:40.392,35039.99,0.53207,35040.0,0.1095
2022-01-22T16:49:41.393,35027.39,0.01972,35030.45,0.05431
2022-01-22T16:49:42.393,35026.57,0.12,35026.58,0.24
2022-01-22T16:49:43.393,35026.04,0.12459,35026.05,0.38946
2022-01-22T16:49:44.393,35026.04,0.11415,35026.05,0.20577
2022-01-22T16:49:45.393,35020.89,0.18865,35020.9,0.26703
2022-01-22T16:49:46.393,35020.89,0.14161,35020.9,0.14567
2022-01-22T16:49:47.393,35019.86,0.27277,35020.89,0.35
2022-01-22T16:49:48.393,35000.99,0.08111,35001.0,0.53647
2022-01-22T16:49:49.393,34996.81,1.0e-5,34996.82,1.78682
2022-01-22T16:49:50.393,34989.63,0.44891,34989.64,0.00461
2022-01-22T16:49:51.393,35002.19,0.155,35008.98,0.01429
2022-01-22T16:49:52.393,35013.8,0.12,35013.81,0.11139
2022-01-22T16:49:53.394,35023.02,0.39852,35023.03,0.2286
2022-01-22T16:49:54.393,35023.02,0.23244,35023.03,0.1
2022-01-22T16:49:55.394,35023.06,0.0003,35023.07,0.28263
2022-01-22T16:49:56.393,35025.22,7.01276,35025.99,0.032
2022-01-22T16:49:57.393,35028.7,0.21274,35028.71,0.1149
2022-01-22T16:49:58.394,35039.94,1.30227,35039.95,0.032
2022-01-22T16:49:59.393,35043.52,0.50175,35043.53,0.03059
2022-01-22T16:50:00.393,35021.95,0.31246,35021.96,0.04706
2022-01-22T16:50:01.394,35003.24,0.15158,35003.25,0.33117
2022-01-22T16:50:02.393,35015.35,0.73533,35015.36,0.04706
2022-01-22T16:50:03.394,35007.67,0.03928,35007.71,0.24
2022-01-22T16:50:04.394,35007.67,0.45136,35007.68,0.47275
2022-01-22T16:50:05.394,35007.67,0.08429,35007.68,0.66954
2022-01-22T16:50:06.394,35003.24,0.00189,35003.25,0.52596
2022-01-22T16:50:07.394,34992.96,0.00686,34992.97,0.28264
2022-01-22T16:50:08.394,34983.53,0.09869,34983.54,0.39954
2022-01-22T16:50:09.394,34983.2,0.05688,34983.21,0.50786
2022-01-22T16:50:10.395,34985.68,0.54381,34985.69,0.00461
2022-01-22T16:50:11.394,34973.01,0.44409,34979.45,0.155
2022-01-22T16:50:12.399,34972.14,1.0e-5,34972.15,0.48857
2022-01-22T16:50:13.404,34955.93,0.00057,34956.21,0.07153
2022-01-22T16:50:14.402,34960.29,0.05053,34960.3,0.10521
2022-01-22T16:50:15.403,34967.08,0.4233,34971.79,0.07788
2022-01-22T16:50:16.403,34967.54,0.155,34971.43,0.0371
2022-01-22T16:50:17.402,34963.5,0.00031,34966.93,0.00533
2022-01-22T16:50:18.403,34971.42,1.96487,34971.43,0.02269
2022-01-22T16:50:19.402,34975.73,0.49791,34975.74,0.63985
2022-01-22T16:50:20.403,34972.11,0.8369,34975.62,0.00706
2022-01-22T16:50:21.403,34980.55,0.09917,34980.56,0.20279
2022-01-22T16:50:22.402,34972.77,0.09917,34974.84,0.09479
2022-01-22T16:50:23.403,34971.04,0.00957,34971.05,0.50037
2022-01-22T16:50:24.403,34966.45,0.33618,34966.46,0.13818
2022-01-22T16:50:25.403,34959.06,0.09798,34959.07,0.25821
2022-01-22T16:50:26.404,34943.12,0.00402,34944.13,0.09681
2022-01-22T16:50:27.403,34959.99,0.55745,34960.0,0.04
2022-01-22T16:50:28.404,34955.23,0.11383,34955.24,0.25409
2022-01-22T16:50:29.403,34955.23,0.91829,34955.24,0.00338
2022-01-22T16:50:30.403,34962.38,0.155,34962.39,0.38569
2022-01-22T16:50:31.404,34955.0,4.59004,34955.01,1.16708
2022-01-22T16:50:32.403,34965.99,0.5,34966.0,0.17034
2022-01-22T16:50:33.403,34960.51,0.0193,34962.35,0.0839
2022-01-22T16:50:34.404,34955.31,0.7973,34955.32,0.1187
2022-01-22T16:50:35.404,34959.16,0.88879,34959.17,0.05167
2022-01-22T16:50:36.403,34956.02,1.40321,34956.03,0.09925
2022-01-22T16:50:37.404,34963.03,0.14302,34963.04,0.04868
2022-01-22T16:50:38.404,34956.04,0.32095,34956.05,0.345
2022-01-22T16:50:39.404,34947.7,0.009,34947.71,0.8334
2022-01-22T16:50:40.404,34951.61,0.14025,34951.62,0.11948
2022-01-22T16:50:41.404,34956.08,0.21563,34956.09,0.14304
2022-01-22T16:50:42.404,34948.01,0.0577,34948.02,0.417
2022-01-22T16:50:43.404,34944.05,0.06647,34944.06,0.28361
2022-01-22T16:50:44.405,34944.04,0.31303,34944.05,0.10029
2022-01-22T16:50:45.404,34941.23,0.00429,34941.24,1.24072
2022-01-22T16:50:46.405,34940.0,0.1233,34946.62,0.05652
2022-01-22T16:50:47.405,34932.35,0.25325,34932.36,0.0916
2022-01-22T16:50:48.405,34928.93,0.249,34928.94,0.01233
2022-01-22T16:50:49.404,34924.8,0.11478,34924.81,0.17098
2022-01-22T16:50:50.405,34933.15,0.65651,34933.16,0.2034
2022-01-22T16:50:51.405,34938.84,0.32023,34938.85,0.2627
2022-01-22T16:50:52.405,34931.99,0.12,34932.0,0.26549
2022-01-22T16:50:53.405,34926.69,0.04204,34927.64,0.031
2022-01-22T16:50:54.405,34921.31,0.75,34923.83,0.08007
2022-01-22T16:50:55.405,34921.38,0.08053,34921.39,0.24
2022-01-22T16:50:56.405,34927.63,0.76436,34927.64,0.13902
2022-01-22T16:50:57.406,34921.4,0.23112,34921.41,0.23903
2022-01-22T16:50:58.405,34913.26,0.02205,34913.27,0.81507
2022-01-22T16:50:59.405,34901.73,0.10909,34905.24,0.031
2022-01-22T16:51:00.405,34911.41,0.01724,34911.42,0.21818
2022-01-22T16:51:01.406,34913.4,0.0964,34915.35,0.04968
2022-01-22T16:51:02.407,34903.87,0.37367,34903.88,0.031
2022-01-22T16:51:03.406,34906.88,0.28183,34906.89,0.01757
2022-01-22T16:51:04.408,34906.88,0.05252,34906.89,0.95999
2022-01-22T16:51:05.407,34906.87,0.13876,34906.88,0.30513
2022-01-22T16:51:06.407,34893.58,0.00082,34896.01,0.4882
2022-01-22T16:51:07.407,34909.26,0.09947,34910.17,0.14323
2022-01-22T16:51:08.408,34905.7,0.25624,34905.71,0.0595
2022-01-22T16:51:09.407,34910.77,0.65576,34910.78,0.04483
2022-01-22T16:51:10.408,34908.8,0.40618,34908.81,0.07853
2022-01-22T16:51:11.408,34902.1,0.19115,34902.11,0.32952
2022-01-22T16:51:12.407,34905.51,0.25001,34905.52,0.36276
2022-01-22T16:51:13.407,34914.45,0.30278,34914.46,0.06514
2022-01-22T16:51:14.407,34916.17,0.16038,34916.18,0.20909
2022-01-22T16:51:15.408,34912.28,0.031,34912.29,0.2523
2022-01-22T16:51:16.407,34909.56,0.46818,34909.57,0.04706
2022-01-22T16:51:17.409,34915.51,0.357,34915.52,0.1189
2022-01-22T16:51:18.409,34910.5,0.1161,34910.51,0.19259
2022-01-22T16:51:19.408,34913.65,0.18057,34913.66,0.15602
2022-01-22T16:51:20.409,34910.14,0.42306,34913.57,0.06541
2022-01-22T16:51:21.408,34902.01,0.06266,34902.02,0.15844
2022-01-22T16:51:22.409,34902.0,0.12865,34902.01,0.05294
2022-01-22T16:51:23.409,34898.99,0.11007,34899.0,0.01
2022-01-22T16:51:24.409,34906.99,0.09589,34907.0,0.03968
2022-01-22T16:51:25.409,34902.63,0.14327,34906.39,0.02865
2022-01-22T16:51:26.408,34900.77,0.09273,34900.78,0.33853
2022-01-22T16:51:27.409,34891.42,0.00735,34896.05,0.02382
2022-01-22T16:51:28.408,34894.91,0.23325,34894.92,0.23553
2022-01-22T16:51:29.409,34898.26,0.05142,34898.27,0.37417
2022-01-22T16:51:30.409,34862.61,0.25,34864.48,0.46134
2022-01-22T16:51:31.409,34859.37,0.00046,34864.37,0.39595
2022-01-22T16:51:32.408,34850.67,0.02694,34853.79,0.01353
2022-01-22T16:51:33.408,34855.42,0.05853,34855.43,0.07174
2022-01-22T16:51:34.409,34855.36,0.21818,34855.37,0.33615
2022-01-22T16:51:35.409,34850.92,0.31492,34850.93,0.61612
2022-01-22T16:51:36.409,34861.04,0.10624,34861.05,0.36979
2022-01-22T16:51:37.409,34860.08,0.14016,34860.09,0.73365
2022-01-22T16:51:38.409,34853.31,0.14487,34853.32,0.14508
2022-01-22T16:51:39.409,34850.0,0.13896,34850.01,0.7729
2022-01-22T16:51:40.41,34849.92,0.24373,34849.93,1.4971
2022-01-22T16:51:41.409,34849.29,0.09917,34849.3,0.13677
2022-01-22T16:51:42.409,34849.3,0.11978,34849.31,0.07825
2022-01-22T16:51:43.41,34849.21,0.29611,34849.22,0.19516
2022-01-22T16:51:44.41,34861.99,1.07361,34862.0,0.0012
2022-01-22T16:51:45.41,34886.01,0.35334,34886.02,0.0848
2022-01-22T16:51:46.41,34889.95,1.01589,34889.96,0.087
2022-01-22T16:51:47.41,34884.83,0.80383,34884.84,0.10117
2022-01-22T16:51:48.411,34888.95,0.04622,34888.96,0.23335
2022-01-22T16:51:49.411,34883.86,0.4529,34883.87,0.04807
2022-01-22T16:51:50.411,34893.68,0.04706,34893.69,4.01945
2022-01-22T16:51:51.411,34883.86,0.09598,34883.87,0.19743
2022-01-22T16:51:52.411,34891.93,0.24861,34891.94,0.22943
2022-01-22T16:51:53.411,34891.8,1.80202,34891.81,0.1
2022-01-22T16:51:54.412,34898.0,0.27237,34898.01,0.05568
2022-01-22T16:51:55.411,34899.11,0.40673,34899.21,0.04798
2022-01-22T16:51:56.412,34907.62,0.01912,34911.71,0.02723
2022-01-22T16:51:57.413,34914.0,0.27597,34914.01,0.03029
2022-01-22T16:51:58.412,34927.24,0.04823,34932.35,0.14127
2022-01-22T16:51:59.414,34935.78,0.97371,34935.79,0.03732
2022-01-22T16:52:00.415,34948.4,0.07422,34948.41,0.07451
2022-01-22T16:52:01.413,34956.25,0.80848,34956.26,0.03451
2022-01-22T16:52:02.414,34962.33,0.53662,34962.34,0.23158
2022-01-22T16:52:03.414,34960.83,0.06192,34965.9,0.115
2022-01-22T16:52:04.414,34958.32,0.41392,34958.88,0.07438
2022-01-22T16:52:05.412,34962.3,0.04194,34968.0,0.95
2022-01-22T16:52:06.412,34982.49,0.17211,34982.5,0.42786
2022-01-22T16:52:07.413,34970.15,0.01934,34970.16,0.99491
2022-01-22T16:52:08.413,34968.67,0.60598,34971.73,0.10475
2022-01-22T16:52:09.413,34982.12,0.91233,34982.13,0.04196
2022-01-22T16:52:10.413,34974.04,0.04296,34978.73,0.155
2022-01-22T16:52:11.413,34962.15,0.11154,34967.22,0.25
2022-01-22T16:52:12.413,34977.4,0.16312,34977.41,0.02928
2022-01-22T16:52:13.412,34976.1,0.21098,34977.42,0.08928
2022-01-22T16:52:14.413,34985.66,0.01608,34987.91,0.00029
2022-01-22T16:52:15.414,34978.23,0.16392,34981.89,0.5
2022-01-22T16:52:16.413,34979.63,0.01655,34983.68,0.11377
2022-01-22T16:52:17.413,34995.99,0.08502,34996.0,0.042
2022-01-22T16:52:18.414,34989.14,0.17514,34989.15,0.05016
2022-01-22T16:52:19.414,34997.9,0.11207,34998.6,0.25
2022-01-22T16:52:20.413,35009.42,0.18032,35009.43,0.04007
2022-01-22T16:52:21.419,35010.54,0.08301,35013.87,0.25
2022-01-22T16:52:22.414,34998.98,0.18032,35000.67,0.00837
2022-01-22T16:52:23.414,35010.36,0.03221,35012.22,0.27676
2022-01-22T16:52:24.413,35023.56,2.0e-5,35023.57,0.51156
2022-01-22T16:52:25.413,35015.72,0.18032,35015.73,0.02835
2022-01-22T16:52:26.413,35026.26,0.25,35026.27,2.46575
2022-01-22T16:52:27.414,35024.78,0.18032,35024.79,0.12485
2022-01-22T16:52:28.413,35015.68,0.06312,35020.47,0.02073
2022-01-22T16:52:29.414,35018.64,0.16558,35018.65,0.07333
2022-01-22T16:52:30.415,35034.39,0.14273,35034.4,1.28623
2022-01-22T16:52:31.413,35015.89,0.18032,35015.9,0.51244
2022-01-22T16:52:32.415,34999.59,0.26926,34999.6,0.35219
2022-01-22T16:52:33.418,34994.43,0.05403,34994.44,0.12485
2022-01-22T16:52:34.419,34972.21,0.12194,34972.22,0.55909
2022-01-22T16:52:35.43,34962.8,0.23076,34962.87,0.0143
2022-01-22T16:52:36.423,34937.66,0.00461,34943.29,0.01085
2022-01-22T16:52:37.418,34928.08,0.04233,34933.55,0.07363
2022-01-22T16:52:38.419,34925.54,0.11286,34925.55,0.21815
2022-01-22T16:52:39.418,34921.18,0.07291,34921.19,3.04854
2022-01-22T16:52:40.419,34929.2,0.155,34931.53,0.6524
2022-01-22T16:52:41.419,34918.27,0.09016,34918.28,0.16036
2022-01-22T16:52:42.419,34924.6,0.17606,34924.61,0.00409
2022-01-22T16:52:43.42,34919.36,0.18032,34919.37,0.12485
2022-01-22T16:52:44.419,34887.52,0.0883,34888.41,0.08542
2022-01-22T16:52:45.426,34897.97,0.67144,34901.37,0.01656
2022-01-22T16:52:46.42,34897.65,0.07128,34897.66,0.19834
2022-01-22T16:52:47.419,34906.47,0.5995,34906.48,0.17754
2022-01-22T16:52:48.42,34897.66,0.09898,34897.67,0.65759
2022-01-22T16:52:49.42,34883.63,0.22751,34890.71,0.00057
2022-01-22T16:52:50.419,34895.78,0.23533,34895.79,0.04298
2022-01-22T16:52:51.419,34897.65,0.1337,34897.66,0.05952
2022-01-22T16:52:52.42,34890.3,0.09832,34890.31,0.22402
2022-01-22T16:52:53.42,34902.59,0.19825,34902.6,0.09917
2022-01-22T16:52:54.421,34909.98,1.06759,34909.99,0.0712
2022-01-22T16:52:55.42,34909.99,0.23682,34910.0,0.21373
2022-01-22T16:52:56.42,34904.26,0.52102,34904.27,0.09016
2022-01-22T16:52:57.421,34909.05,0.13273,34909.06,0.12381
2022-01-22T16:52:58.421,34908.97,0.0909,34908.98,0.29203
2022-01-22T16:52:59.421,34902.8,0.06738,34902.81,0.19991
2022-01-22T16:53:00.421,34907.77,4.05317,34907.78,0.18032
2022-01-22T16:53:01.421,34899.96,0.05961,34900.85,0.04951
2022-01-22T16:53:02.421,34899.92,0.0861,34899.93,0.65891
2022-01-22T16:53:03.421,34902.55,1.0e-5,34902.56,0.39163
2022-01-22T16:53:04.421,34901.04,0.35679,34901.05,0.42162
2022-01-22T16:53:05.422,34901.04,1.0e-5,34901.05,0.42893
2022-01-22T16:53:06.422,34911.28,0.51338,34911.29,0.1065
2022-01-22T16:53:07.422,34915.25,0.41013,34915.26,0.10722
2022-01-22T16:53:08.421,34919.98,1.05574,34919.99,0.385
2022-01-22T16:53:09.426,34935.84,1.35734,34935.85,0.00452
2022-01-22T16:53:10.422,34932.16,0.08207,34937.22,0.37902
2022-01-22T16:53:11.421,34937.22,0.09169,34937.23,0.29481
2022-01-22T16:53:12.422,34937.22,0.2429,34937.23,0.37478
2022-01-22T16:53:13.422,34937.24,1.54553,34937.25,0.01148
2022-01-22T16:53:14.422,34956.71,0.14175,34956.72,0.02975
2022-01-22T16:53:15.427,34941.3,0.12167,34941.31,0.33971
2022-01-22T16:53:16.422,34938.55,0.41928,34938.56,0.33775
2022-01-22T16:53:17.429,34929.15,0.08196,34929.16,0.14587
2022-01-22T16:53:18.422,34924.3,0.08196,34924.31,3.64643
2022-01-22T16:53:19.422,34916.66,0.63164,34916.67,0.12167
2022-01-22T16:53:20.422,34921.95,0.11747,34921.96,0.03343
2022-01-22T16:53:21.428,34931.12,0.04774,34931.13,0.32984
2022-01-22T16:53:22.428,34918.0,0.25533,34918.01,0.16392
2022-01-22T16:53:23.429,34918.0,0.10397,34918.01,0.14746
2022-01-22T16:53:24.428,34909.96,0.21896,34909.97,0.38165
2022-01-22T16:53:25.428,34909.96,0.20122,34909.97,0.33595
2022-01-22T16:53:26.429,34910.5,0.12441,34910.99,0.05731
2022-01-22T16:53:27.428,34918.15,1.02887,34918.16,0.06522
2022-01-22T16:53:28.431,34923.99,0.12177,34924.0,0.71775
2022-01-22T16:53:29.43,34956.88,0.00763,34956.89,0.18293
2022-01-22T16:53:30.466,34962.32,1.62376,34962.33,0.04352
2022-01-22T16:53:31.429,34972.2,1.38314,34972.21,0.00037
2022-01-22T16:53:32.43,34968.89,1.0e-5,34968.9,0.1098
2022-01-22T16:53:33.447,34975.99,0.14809,34976.0,0.08451
2022-01-22T16:53:34.431,34978.12,3.37784,34978.13,0.0059
2022-01-22T16:53:35.431,34999.99,0.77356,35000.0,0.02431
2022-01-22T16:53:36.453,35002.95,0.05649,35002.96,0.06603
2022-01-22T16:53:37.431,34984.04,0.02376,34989.39,0.155
2022-01-22T16:53:38.431,34993.26,0.09698,34993.27,0.12542
2022-01-22T16:53:39.439,34998.63,0.52315,35005.86,0.33919
2022-01-22T16:53:40.431,34992.55,0.25,34994.33,0.02699
2022-01-22T16:53:41.431,34983.57,0.00858,34989.01,0.155
2022-01-22T16:53:42.437,34990.42,4.79372,34990.43,0.00171
2022-01-22T16:53:43.431,34990.81,0.24838,34990.82,0.12542
2022-01-22T16:53:44.43,34984.3,0.41137,34991.84,0.03034
2022-01-22T16:53:45.432,34984.3,4.12125,34984.31,0.31858
2022-01-22T16:53:46.432,34974.53,0.06774,34974.54,0.12542
2022-01-22T16:53:47.433,34979.67,1.30261,34979.68,0.00114
2022-01-22T16:53:48.454,34971.04,0.06831,34971.05,0.2852
2022-01-22T16:53:49.437,34967.0,0.01356,34967.01,0.2975
2022-01-22T16:53:50.437,34971.04,0.7858,34971.05,0.0064
2022-01-22T16:53:51.446,34985.75,0.0246,34986.73,0.06774
2022-01-22T16:53:52.437,34973.3,0.20637,34973.31,0.06774
2022-01-22T16:53:53.437,34967.01,0.34038,34967.02,0.11471
2022-01-22T16:53:54.444,34978.65,0.34214,34979.07,0.00114
2022-01-22T16:53:55.438,34980.99,0.01583,34981.0,0.12994
2022-01-22T16:53:56.438,34970.52,0.11151,34970.53,0.90039
2022-01-22T16:53:57.449,34970.44,3.17548,34970.45,0.13487
2022-01-22T16:53:58.438,34970.44,0.18131,34970.45,0.14311
2022-01-22T16:53:59.438,34967.02,0.00122,34967.03,0.57727
2022-01-22T16:54:00.444,34961.08,0.06316,34961.09,0.23747
2022-01-22T16:54:01.438,34958.5,0.18026,34958.51,1.33709
2022-01-22T16:54:02.443,34955.3,0.02431,34955.31,0.23527
2022-01-22T16:54:03.464,34941.23,0.03905,34941.24,0.04584
2022-01-22T16:54:04.442,34948.97,0.36195,34948.98,0.12157
2022-01-22T16:54:05.442,34954.15,1.05903,34954.16,0.09879
2022-01-22T16:54:06.46,34945.85,0.11669,34945.86,1.27408
2022-01-22T16:54:07.442,34945.75,0.21701,34945.76,0.1044
2022-01-22T16:54:08.442,34933.87,0.09807,34933.88,0.07423
2022-01-22T16:54:09.468,34962.9,0.12819,34964.84,0.06465
2022-01-22T16:54:10.442,34980.98,1.11746,34980.99,0.03152
2022-01-22T16:54:11.442,34979.67,0.12236,34979.68,0.28042
2022-01-22T16:54:12.484,34991.62,0.10877,34991.63,0.06774
2022-01-22T16:54:13.441,34994.38,0.31774,34994.4,0.02403
2022-01-22T16:54:14.442,34985.0,0.18879,34985.01,0.12183
2022-01-22T16:54:15.471,34997.25,1.53474,34997.26,0.10774
2022-01-22T16:54:16.443,34989.14,0.55354,34989.15,0.0607
2022-01-22T16:54:17.443,34999.99,0.7607,35000.0,0.00265
2022-01-22T16:54:18.466,35003.82,0.40591,35003.83,0.06423
2022-01-22T16:54:19.443,35013.82,0.00483,35016.45,0.09673
2022-01-22T16:54:20.451,35010.66,0.0125,35010.67,0.10095
2022-01-22T16:54:21.48,35015.24,0.14307,35015.25,0.07075
2022-01-22T16:54:22.451,35010.02,0.12235,35010.03,0.06813
2022-01-22T16:54:23.451,35017.02,0.06256,35017.03,0.12542
2022-01-22T16:54:24.474,35004.4,0.18747,35004.41,0.24894
2022-01-22T16:54:25.451,35020.99,0.38997,35021.0,0.03051
2022-01-22T16:54:26.451,35013.49,0.01828,35015.9,0.155
2022-01-22T16:54:27.469,35024.36,0.12316,35024.37,0.14184
2022-01-22T16:54:28.451,35022.41,0.10082,35025.77,0.02158
2022-01-22T16:54:29.451,35021.89,0.13296,35021.9,0.13281
2022-01-22T16:54:30.472,35002.09,0.07087,35003.84,0.78567
2022-01-22T16:54:31.451,35000.9,0.15987,35000.91,0.39591
2022-01-22T16:54:32.451,35000.9,0.09569,35000.91,0.45277
2022-01-22T16:54:33.469,35013.8,0.01392,35013.81,0.62316
2022-01-22T16:54:34.452,35004.0,1.0e-5,35006.22,0.09759
2022-01-22T16:54:35.451,35004.02,0.10174,35004.03,0.21658
2022-01-22T16:54:36.467,35000.01,0.30476,35000.02,0.15551
2022-01-22T16:54:37.452,35000.01,0.3098,35000.02,0.15551
2022-01-22T16:54:38.452,34995.86,0.09158,34995.87,0.1
2022-01-22T16:54:39.468,34993.24,0.02055,34993.25,1.48615
2022-01-22T16:54:40.452,34995.86,0.8704,34995.87,0.0184
2022-01-22T16:54:41.452,35002.1,0.01421,35002.11,1.08425
2022-01-22T16:54:42.47,34988.0,0.01716,34988.01,0.59702
2022-01-22T16:54:43.452,34986.39,0.08695,34986.4,0.26457
2022-01-22T16:54:44.452,34986.39,2.0e-5,34986.4,0.2897
2022-01-22T16:54:45.463,34993.76,0.04265,34993.77,0.21625
2022-01-22T16:54:46.452,35003.49,0.06486,35003.5,0.11784
2022-01-22T16:54:47.451,34999.14,0.06158,35002.51,0.0836
2022-01-22T16:54:48.468,34993.94,0.16021,34993.95,0.13014
2022-01-22T16:54:49.452,34988.01,0.08049,34988.02,0.12316
2022-01-22T16:54:50.452,34982.97,0.01429,34988.02,0.12489
2022-01-22T16:54:51.468,34993.85,4.84637,34993.86,0.01004
2022-01-22T16:54:52.453,34989.07,0.11274,34989.08,0.30054
2022-01-22T16:54:53.452,34992.4,0.11436,34992.41,0.31889
2022-01-22T16:54:54.471,34996.88,0.10449,34996.89,0.02871
2022-01-22T16:54:55.452,35002.99,0.11028,35003.49,0.25138
2022-01-22T16:54:56.453,34999.81,0.13551,34999.82,0.07771
2022-01-22T16:54:57.471,35007.87,0.19698,35007.88,0.27077
2022-01-22T16:54:58.454,35011.39,0.07288,35011.4,0.07095
2022-01-22T16:54:59.453,35002.65,0.37081,35002.66,0.06774
2022-01-22T16:55:00.453,35004.03,0.05016,35008.39,0.17756
2022-01-22T16:55:01.453,35008.29,0.43318,35008.3,0.06096
2022-01-22T16:55:02.453,35008.73,0.13548,35011.06,0.10168
2022-01-22T16:55:03.454,35008.33,1.0e-5,35008.34,0.71037
2022-01-22T16:55:04.453,35008.3,0.13963,35008.31,0.20477
2022-01-22T16:55:05.453,35008.35,0.0052,35008.36,0.0007
2022-01-22T16:55:06.454,35004.83,0.15848,35004.84,0.1289
2022-01-22T16:55:07.454,34996.89,0.05521,34996.9,0.30604
2022-01-22T16:55:08.455,35004.85,0.75439,35004.86,0.01783
2022-01-22T16:55:09.454,35030.39,1.18714,35030.4,0.01012
2022-01-22T16:55:10.455,35030.78,0.02606,35030.79,0.3993
2022-01-22T16:55:11.455,35021.26,0.01243,35021.27,0.48533
2022-01-22T16:55:12.454,35031.38,0.20533,35034.61,0.05503
2022-01-22T16:55:13.455,35033.79,0.07623,35033.8,0.17947
2022-01-22T16:55:14.454,35049.99,0.28239,35050.0,1.27766
2022-01-22T16:55:15.454,35058.23,0.33487,35058.24,0.06864
2022-01-22T16:55:16.455,35079.68,0.83961,35081.77,0.11992
2022-01-22T16:55:17.455,35085.68,0.036,35094.28,0.08402
2022-01-22T16:55:18.455,35082.21,0.01425,35085.7,0.07126
2022-01-22T16:55:19.455,35099.05,0.38911,35099.06,0.05088
2022-01-22T16:55:20.455,35114.72,0.02573,35114.73,0.06059
2022-01-22T16:55:21.455,35114.71,1.0e-5,35117.24,0.0163
2022-01-22T16:55:22.455,35099.28,0.155,35104.49,0.29554
2022-01-22T16:55:23.455,35096.36,0.444,35096.37,0.02158
2022-01-22T16:55:24.455,35089.82,0.18062,35089.83,0.75869
2022-01-22T16:55:25.455,35096.82,0.47274,35096.83,0.19576
2022-01-22T16:55:26.455,35085.56,0.15657,35085.57,0.32016
2022-01-22T16:55:27.455,35085.63,0.155,35088.22,0.01271
2022-01-22T16:55:28.455,35072.22,0.25583,35072.23,0.18375
2022-01-22T16:55:29.455,35085.63,0.23533,35085.64,0.00016
2022-01-22T16:55:30.456,35097.89,0.05284,35097.9,0.1246
2022-01-22T16:55:31.456,35105.46,0.31675,35105.47,0.21902
2022-01-22T16:55:32.455,35093.01,0.06512,35095.84,0.34475
2022-01-22T16:55:33.456,35072.64,0.14127,35074.76,0.0946
2022-01-22T16:55:34.456,35066.0,0.06774,35066.01,0.09015
2022-01-22T16:55:35.455,35064.39,0.08279,35064.4,0.23058
2022-01-22T16:55:36.456,35053.05,1.0e-5,35053.06,1.16291
2022-01-22T16:55:37.457,35054.81,0.04706,35054.82,0.12316
2022-01-22T16:55:38.456,35055.33,0.07133,35055.34,0.16454
2022-01-22T16:55:39.457,35043.75,0.00048,35043.76,1.32485
2022-01-22T16:55:40.457,35033.58,0.02841,35035.48,0.03532
2022-01-22T16:55:41.456,35032.0,0.10453,35032.01,0.0408
2022-01-22T16:55:42.457,35031.99,0.10215,35032.0,0.06158
2022-01-22T16:55:43.457,35045.1,0.04706,35048.15,0.02635
2022-01-22T16:55:44.457,35030.05,0.25,35033.57,0.11182
2022-01-22T16:55:45.457,35033.56,0.03286,35033.57,0.07988
2022-01-22T16:55:46.457,35035.58,0.155,35035.59,0.02205
2022-01-22T16:55:47.457,35042.59,0.50903,35042.6,0.10686
2022-01-22T16:55:48.456,35049.62,1.35671,35049.63,0.04344
2022-01-22T16:55:49.457,35063.77,0.34415,35063.78,0.08683
2022-01-22T16:55:50.457,35046.28,0.0612,35046.29,0.47298
2022-01-22T16:55:51.456,35046.33,0.19344,35046.34,0.09998
2022-01-22T16:55:52.457,35053.56,0.32562,35053.57,0.00381
2022-01-22T16:55:53.456,35053.56,0.27617,35053.57,0.16435
2022-01-22T16:55:54.457,35040.0,0.18356,35040.01,0.13292
2022-01-22T16:55:55.457,35040.0,0.18356,35040.01,0.12027
2022-01-22T16:55:56.458,35043.35,2.88751,35043.36,0.13289
2022-01-22T16:55:57.458,35047.86,0.30063,35047.87,0.06158
2022-01-22T16:55:58.457,35047.86,0.0583,35047.87,0.16158
2022-01-22T16:55:59.457,35047.86,0.18716,35047.87,0.1613
2022-01-22T16:56:00.457,35053.47,0.12316,35055.62,0.098
2022-01-22T16:56:01.457,35040.01,1.0e-5,35040.02,0.64276
2022-01-22T16:56:02.466,35037.59,0.05778,35037.6,0.05223
2022-01-22T16:56:03.464,35037.59,0.37744,35037.6,0.08626
2022-01-22T16:56:04.465,35033.57,0.06693,35033.58,0.07105
2022-01-22T16:56:05.463,35033.57,0.51937,35033.58,0.08433
2022-01-22T16:56:06.464,35039.96,0.11593,35039.97,0.05576
2022-01-22T16:56:07.464,35032.16,0.12867,35032.17,0.08995
2022-01-22T16:56:08.467,35028.66,0.00057,35028.67,1.39604
2022-01-22T16:56:09.464,35019.68,2.0e-5,35019.69,0.18019
2022-01-22T16:56:10.466,35022.69,0.06693,35022.7,0.32989
2022-01-22T16:56:11.465,35022.65,1.0e-5,35022.66,0.23835
2022-01-22T16:56:12.466,35018.78,0.04254,35018.79,0.14607
2022-01-22T16:56:13.465,35020.09,0.10888,35020.1,0.03256
2022-01-22T16:56:14.467,35020.59,1.26945,35020.6,0.04277
2022-01-22T16:56:15.465,35018.77,0.00029,35018.78,2.02579
2022-01-22T16:56:16.467,35013.0,0.07364,35013.01,0.36407
2022-01-22T16:56:17.465,35007.88,0.07142,35007.89,0.32702
2022-01-22T16:56:18.466,35003.7,1.0e-5,35003.71,0.71927
2022-01-22T16:56:19.465,35003.68,0.10551,35003.69,0.20664
2022-01-22T16:56:20.466,35019.49,0.10302,35019.5,0.07451
2022-01-22T16:56:21.466,35025.33,0.08709,35025.34,0.16736
2022-01-22T16:56:22.465,35027.59,1.54487,35027.6,0.11898
2022-01-22T16:56:23.465,35015.47,0.37324,35015.48,0.07807
2022-01-22T16:56:24.466,35015.45,0.02675,35015.46,0.24898
2022-01-22T16:56:25.466,35015.45,0.26711,35015.46,0.08365
2022-01-22T16:56:26.467,35021.89,0.18066,35021.9,0.20876
2022-01-22T16:56:27.467,35021.89,0.09353,35021.9,0.43303
2022-01-22T16:56:28.467,35027.83,0.22546,35027.84,0.02742
2022-01-22T16:56:29.467,35036.76,0.13699,35036.77,0.18474
2022-01-22T16:56:30.467,35036.76,0.02931,35036.77,0.25476
2022-01-22T16:56:31.468,35037.3,0.47775,35037.31,0.15225
2022-01-22T16:56:32.467,35033.52,0.00249,35033.53,0.14535
2022-01-22T16:56:33.468,35030.0,0.3393,35030.01,0.20757
2022-01-22T16:56:34.468,35030.0,0.26851,35030.01,0.30757
2022-01-22T16:56:35.469,35030.0,0.48865,35030.01,0.1839
2022-01-22T16:56:36.468,35036.08,0.06066,35036.09,0.08524
2022-01-22T16:56:37.469,35036.08,0.06066,35036.09,0.08352
2022-01-22T16:56:38.469,35036.08,0.01364,35036.09,0.71379
2022-01-22T16:56:39.469,35036.06,0.09726,35036.07,0.43348
2022-01-22T16:56:40.469,35029.99,0.34619,35030.0,0.11979
2022-01-22T16:56:41.469,35029.99,0.35116,35030.0,0.2077
2022-01-22T16:56:42.47,35036.07,0.45071,35036.08,0.22072
2022-01-22T16:56:43.47,35036.07,0.18767,35036.08,0.14783
2022-01-22T16:56:44.47,35036.07,0.15359,35036.08,0.06826
2022-01-22T16:56:45.47,35059.18,0.37984,35059.19,0.08196
2022-01-22T16:56:46.471,35071.3,0.70785,35071.31,0.13759
2022-01-22T16:56:47.47,35073.13,1.16784,35073.14,0.0598
2022-01-22T16:56:48.471,35094.19,0.08927,35094.2,0.07622
2022-01-22T16:56:49.471,35093.49,0.00677,35093.5,0.15672
2022-01-22T16:56:50.471,35095.37,0.29787,35100.42,0.14127
2022-01-22T16:56:51.471,35106.77,0.04706,35106.78,0.25
2022-01-22T16:56:52.471,35101.12,0.22164,35101.13,0.10943
2022-01-22T16:56:53.471,35100.75,0.06522,35100.76,0.08196
2022-01-22T16:56:54.471,35105.18,0.33465,35105.19,0.0411
2022-01-22T16:56:55.472,35105.2,0.32201,35105.21,0.00637
2022-01-22T16:56:56.472,35105.2,0.17873,35105.21,0.06718
2022-01-22T16:56:57.472,35094.18,0.0475,35094.19,0.17775
2022-01-22T16:56:58.472,35098.16,0.07451,35098.17,0.08192
2022-01-22T16:56:59.472,35098.12,0.24294,35098.13,0.11365
2022-01-22T16:57:00.472,35096.01,0.00041,35098.13,0.15645
2022-01-22T16:57:01.472,35085.95,0.0891,35085.96,0.18942
2022-01-22T16:57:02.472,35082.64,0.14842,35085.27,0.16732
2022-01-22T16:57:03.473,35089.34,0.15257,35089.35,0.06375
2022-01-22T16:57:04.472,35087.06,0.35807,35087.07,0.15571
2022-01-22T16:57:05.472,35080.87,0.11517,35080.88,0.2135
2022-01-22T16:57:06.473,35080.87,0.0006,35080.88,0.2135
2022-01-22T16:57:07.473,35084.29,0.01879,35084.3,1.48753
2022-01-22T16:57:08.473,35078.16,0.27581,35078.17,0.18893
2022-01-22T16:57:09.473,35069.55,0.18053,35069.56,0.6783
2022-01-22T16:57:10.472,35078.0,2.33257,35078.01,0.12054
2022-01-22T16:57:11.474,35083.91,0.22035,35083.92,0.32639
2022-01-22T16:57:12.473,35073.82,0.16902,35073.83,0.31079
2022-01-22T16:57:13.474,35068.0,0.02534,35068.01,0.8763
2022-01-22T16:57:14.473,35070.8,0.21863,35070.81,0.16016
2022-01-22T16:57:15.473,35070.8,0.22492,35070.81,0.07333
2022-01-22T16:57:16.473,35094.33,0.30473,35094.34,0.0016
2022-01-22T16:57:17.474,35094.99,0.36908,35095.0,0.01757
2022-01-22T16:57:18.474,35100.74,0.24204,35100.75,0.13723
2022-01-22T16:57:19.474,35108.94,0.66487,35108.95,0.00427
2022-01-22T16:57:20.474,35109.65,0.06798,35110.59,0.06774
2022-01-22T16:57:21.474,35105.52,0.13548,35105.53,0.92488
2022-01-22T16:57:22.474,35095.28,0.13548,35095.29,0.38402
2022-01-22T16:57:23.473,35090.47,0.08841,35090.48,0.20796
2022-01-22T16:57:24.474,35094.42,0.00486,35094.43,0.13548
2022-01-22T16:57:25.474,35094.42,0.03071,35094.43,0.33232
2022-01-22T16:57:26.473,35080.86,0.00427,35080.87,1.80644
2022-01-22T16:57:27.474,35073.26,0.06801,35073.27,0.60234
2022-01-22T16:57:28.474,35073.26,0.67124,35073.27,0.49
2022-01-22T16:57:29.474,35080.84,0.0407,35080.85,0.32752
2022-01-22T16:57:30.474,35082.24,0.04706,35082.25,0.0046
2022-01-22T16:57:31.474,35078.73,0.04706,35082.21,1.8386
2022-01-22T16:57:32.474,35062.83,0.01677,35065.27,0.04964
2022-01-22T16:57:33.475,35070.19,0.155,35071.81,0.04688
2022-01-22T16:57:34.475,35069.37,0.35198,35073.22,0.00029
2022-01-22T16:57:35.474,35068.06,0.49716,35072.48,0.01426
2022-01-22T16:57:36.474,35062.85,0.71713,35062.86,0.01386
2022-01-22T16:57:37.475,35065.18,0.09658,35065.19,0.13518
2022-01-22T16:57:38.475,35057.85,0.02684,35057.86,1.85195
2022-01-22T16:57:39.475,35048.57,0.00118,35048.58,1.30034
2022-01-22T16:57:40.475,35038.67,0.0051,35038.68,0.14906
2022-01-22T16:57:41.475,35034.48,0.06599,35034.49,0.11589
2022-01-22T16:57:42.475,35047.08,0.11127,35050.0,0.00109
2022-01-22T16:57:43.476,35054.76,0.01998,35054.77,0.00111
2022-01-22T16:57:44.475,35053.0,0.18548,35054.81,0.00102
2022-01-22T16:57:45.475,35057.81,0.0006,35057.82,1.27576
2022-01-22T16:57:46.475,35061.33,0.29691,35061.34,0.28312
2022-01-22T16:57:47.476,35055.0,0.01,35055.01,1.51857
2022-01-22T16:57:48.476,35046.53,0.06158,35046.54,0.14134
2022-01-22T16:57:49.475,35049.48,0.21658,35049.49,0.29116
2022-01-22T16:57:50.475,35049.48,0.4976,35049.49,0.07461
2022-01-22T16:57:51.475,35053.6,0.06088,35053.61,0.16389
2022-01-22T16:57:52.476,35048.35,0.04706,35048.36,0.12316
2022-01-22T16:57:53.475,35039.34,0.14007,35039.35,0.27104
2022-01-22T16:57:54.493,35034.93,0.04939,35034.94,0.23195
2022-01-22T16:57:55.476,35045.9,0.10769,35045.91,0.30132
2022-01-22T16:57:56.475,35045.95,0.20112,35045.96,0.11157
2022-01-22T16:57:57.475,35037.6,0.1148,35037.61,0.127
2022-01-22T16:57:58.476,35037.6,0.06378,35037.61,0.26562
2022-01-22T16:57:59.476,35039.23,0.23364,35039.24,0.01001
2022-01-22T16:58:00.476,35039.23,0.17628,35043.72,0.25896
2022-01-22T16:58:01.476,35034.49,0.03926,35034.5,0.38992
2022-01-22T16:58:02.477,35034.44,0.0003,35034.45,0.75322
2022-01-22T16:58:03.483,35030.11,0.00944,35030.12,0.12889
2022-01-22T16:58:04.482,35027.14,0.09902,35027.15,0.5916
2022-01-22T16:58:05.482,35026.5,0.22951,35026.51,0.20141
2022-01-22T16:58:06.482,35019.46,0.07451,35019.47,0.03998
2022-01-22T16:58:07.482,35019.46,0.03006,35019.47,0.20308
2022-01-22T16:58:08.482,35018.36,0.07451,35019.01,0.23699
2022-01-22T16:58:09.481,35027.14,0.4495,35027.15,0.49963
2022-01-22T16:58:10.482,35027.14,0.0871,35027.15,0.5169
2022-01-22T16:58:11.483,35027.14,0.46399,35027.15,0.32563
2022-01-22T16:58:12.482,35034.44,0.3894,35034.45,0.30988
2022-01-22T16:58:13.482,35023.0,0.01535,35023.01,0.63295
2022-01-22T16:58:14.482,35013.56,0.14127,35018.59,0.1126
2022-01-22T16:58:15.483,35012.82,0.12565,35012.83,0.11381
2022-01-22T16:58:16.483,35012.82,0.36475,35012.83,0.0128
2022-01-22T16:58:17.483,35013.36,0.3848,35013.37,0.00458
2022-01-22T16:58:18.482,35017.2,0.14752,35024.86,0.00057
2022-01-22T16:58:19.482,35018.21,0.16392,35018.22,0.10194
2022-01-22T16:58:20.483,35016.89,0.00027,35016.9,0.32515
2022-01-22T16:58:21.483,35016.89,0.41187,35016.9,0.11475
2022-01-22T16:58:22.483,35008.47,0.18154,35008.48,0.13062
2022-01-22T16:58:23.482,35003.71,0.19033,35003.72,1.14355
2022-01-22T16:58:24.483,34999.93,0.00974,34999.94,0.74516
2022-01-22T16:58:25.483,34998.54,0.11029,34998.55,0.03694
2022-01-22T16:58:26.483,34994.01,0.22534,34994.02,0.08422
2022-01-22T16:58:27.483,35011.62,0.2478,35011.63,0.15907
2022-01-22T16:58:28.482,35008.1,0.16446,35008.11,0.16218
2022-01-22T16:58:29.483,35008.1,0.18177,35008.11,0.10271
2022-01-22T16:58:30.484,35008.1,0.18139,35008.11,0.08826
2022-01-22T16:58:31.484,35011.56,0.42684,35011.57,0.17662
2022-01-22T16:58:32.484,35019.14,1.14285,35019.15,0.03037
2022-01-22T16:58:33.484,35019.9,0.09917,35019.91,0.24021
2022-01-22T16:58:34.484,35019.86,0.30333,35019.87,0.22759
2022-01-22T16:58:35.484,35016.89,0.39117,35016.9,0.0272
2022-01-22T16:58:36.484,35003.55,0.17017,35005.12,0.23533
2022-01-22T16:58:37.483,35003.55,0.03598,35003.56,0.85243
2022-01-22T16:58:38.484,35006.87,0.63883,35006.88,0.10425
2022-01-22T16:58:39.484,35003.57,0.14623,35003.58,0.12467
2022-01-22T16:58:40.484,35003.55,0.12602,35003.56,0.18612
2022-01-22T16:58:41.484,35003.55,0.12602,35003.56,0.1907
2022-01-22T16:58:42.484,35003.55,0.11667,35003.56,0.18675
2022-01-22T16:58:43.484,35009.12,0.37864,35009.13,0.06886
2022-01-22T16:58:44.484,35009.12,0.11346,35009.13,0.21304
2022-01-22T16:58:45.484,35009.12,0.04568,35009.13,0.29619
2022-01-22T16:58:46.484,35006.11,0.14899,35006.12,0.07326
2022-01-22T16:58:47.485,35002.26,0.09016,35002.27,1.0e-5
2022-01-22T16:58:48.485,35008.7,0.11015,35008.71,0.49007
2022-01-22T16:58:49.484,35015.9,0.34016,35015.91,0.18032
2022-01-22T16:58:50.485,35018.69,0.35973,35019.2,0.03208
2022-01-22T16:58:51.485,35019.2,0.5155,35019.21,0.35852
2022-01-22T16:58:52.485,35024.48,0.09016,35024.49,0.18032
2022-01-22T16:58:53.485,35021.55,0.13722,35021.56,0.4143
2022-01-22T16:58:54.486,35034.43,0.03997,35034.44,0.20113
2022-01-22T16:58:55.486,35038.23,0.04706,35038.24,0.67947
2022-01-22T16:58:56.486,35027.61,0.155,35033.89,0.02332
2022-01-22T16:58:57.487,35041.48,0.13012,35043.31,0.01
2022-01-22T16:58:58.486,35032.05,0.05568,35035.12,0.07852
2022-01-22T16:58:59.486,35035.11,0.0515,35035.12,0.25507
2022-01-22T16:59:00.487,35040.49,0.09016,35040.5,0.04272
2022-01-22T16:59:01.487,35046.42,0.15477,35046.43,0.19834
2022-01-22T16:59:02.486,35046.42,0.07715,35046.43,0.10032
2022-01-22T16:59:03.486,35040.49,0.09917,35043.25,0.155
2022-01-22T16:59:04.486,35039.5,0.14623,35039.51,0.14925
2022-01-22T16:59:05.487,35046.41,0.28126,35046.42,0.06654
2022-01-22T16:59:06.487,35055.25,0.18394,35055.26,0.0785
2022-01-22T16:59:07.487,35061.31,0.15152,35061.32,0.14773
2022-01-22T16:59:08.486,35069.4,0.09917,35069.41,0.12125
2022-01-22T16:59:09.487,35074.36,0.11973,35074.37,0.30901
2022-01-22T16:59:10.487,35078.01,0.04498,35078.02,0.04273
2022-01-22T16:59:11.487,35080.19,0.16337,35080.2,0.14996
2022-01-22T16:59:12.487,35080.19,0.14234,35080.2,0.17938
2022-01-22T16:59:13.487,35066.79,0.27914,35066.8,0.50883
2022-01-22T16:59:14.488,35060.55,0.23942,35060.56,0.14009
2022-01-22T16:59:15.487,35060.55,0.07441,35060.56,0.29407
2022-01-22T16:59:16.487,35069.48,0.11337,35069.49,0.19385
2022-01-22T16:59:17.487,35069.48,0.30184,35069.49,0.38359
2022-01-22T16:59:18.487,35062.15,0.43431,35062.16,0.14902
2022-01-22T16:59:19.487,35056.84,0.10909,35056.85,0.22017
2022-01-22T16:59:20.488,35068.99,0.00255,35069.0,0.53409
2022-01-22T16:59:21.488,35062.79,0.00162,35062.8,1.68655
2022-01-22T16:59:22.488,35054.0,0.01541,35054.01,0.93547
2022-01-22T16:59:23.488,35044.08,0.12781,35044.09,2.0e-5
2022-01-22T16:59:24.489,35053.32,0.21818,35053.33,0.58703
2022-01-22T16:59:25.489,35047.59,0.10468,35047.6,1.0e-5
2022-01-22T16:59:26.488,35053.21,0.03995,35053.22,0.50727
2022-01-22T16:59:27.493,35042.54,0.02999,35042.55,1.10849
2022-01-22T16:59:28.489,35042.54,0.13908,35042.55,0.42573
2022-01-22T16:59:29.489,35070.81,0.19398,35070.82,0.18684
2022-01-22T16:59:30.489,35064.7,1.0e-5,35064.71,0.81853
2022-01-22T16:59:31.489,35054.42,0.04279,35054.43,0.60439
2022-01-22T16:59:32.489,35054.19,0.13197,35054.2,0.34544
2022-01-22T16:59:33.489,35054.19,0.13436,35054.2,0.16059
2022-01-22T16:59:34.489,35063.07,0.2183,35063.08,0.26742
2022-01-22T16:59:35.489,35067.26,0.19834,35067.27,0.20938
2022-01-22T16:59:36.49,35070.89,0.02898,35070.9,0.06322
2022-01-22T16:59:37.49,35058.56,0.00057,35058.57,0.09917
2022-01-22T16:59:38.49,35064.0,0.1882,35064.01,0.23306
2022-01-22T16:59:39.491,35064.0,0.14851,35064.01,0.27
2022-01-22T16:59:40.491,35064.0,0.15235,35064.01,0.26837
2022-01-22T16:59:41.491,35064.0,0.26514,35065.14,0.01903
2022-01-22T16:59:42.491,35068.63,0.19038,35068.64,0.1653
2022-01-22T16:59:43.491,35068.63,0.21543,35068.64,0.18882
2022-01-22T16:59:44.491,35068.87,0.25281,35068.88,0.02835
2022-01-22T16:59:45.491,35068.87,0.25667,35068.88,0.12737
2022-01-22T16:59:46.491,35065.16,0.03007,35065.17,0.10219
2022-01-22T16:59:47.492,35062.2,0.16258,35062.21,0.25
2022-01-22T16:59:48.491,35071.0,0.68566,35074.0,0.00265
2022-01-22T16:59:49.491,35074.49,0.00036,35074.5,0.04604
2022-01-22T16:59:50.491,35071.09,0.24651,35071.1,0.03992
2022-01-22T16:59:51.492,35072.78,0.71132,35072.79,0.06311
2022-01-22T16:59:52.492,35086.81,0.25365,35086.82,0.07745
2022-01-22T16:59:53.492,35096.09,0.23533,35096.1,0.09016
2022-01-22T16:59:54.492,35087.37,0.028,35090.21,0.25
2022-01-22T16:59:55.492,35092.43,0.18032,35092.44,0.06156
2022-01-22T16:59:56.492,35090.52,0.015,35094.46,0.01039
2022-01-22T16:59:57.493,35086.81,0.0005,35090.53,0.10539
2022-01-22T16:59:58.492,35103.31,1.04584,35103.32,0.00814
2022-01-22T16:59:59.492,35098.03,0.00263,35098.04,0.10696
2022-01-22T17:00:00.492,35091.31,0.14833,35095.23,0.07832
2022-01-22T17:00:01.493,35095.02,0.01994,35097.48,0.02398
2022-01-22T17:00:02.492,35093.37,0.04,35098.47,0.02835
2022-01-22T17:00:03.492,35074.3,0.18032,35074.31,0.20549
2022-01-22T17:00:04.492,35072.27,0.11279,35072.28,0.15286
2022-01-22T17:00:05.494,35063.07,0.306,35063.08,0.06506
2022-01-22T17:00:06.494,35060.52,0.00461,35063.08,1.80829
2022-01-22T17:00:07.495,35052.73,0.12096,35052.74,0.56406
2022-01-22T17:00:08.495,35046.25,0.22959,35046.26,0.0185
2022-01-22T17:00:09.495,35056.07,0.04706,35057.9,0.031
2022-01-22T17:00:10.495,35046.43,0.19914,35046.44,0.18375
2022-01-22T17:00:11.495,35044.0,0.0958,35044.01,0.46302
2022-01-22T17:00:12.495,35039.2,0.09016,35039.21,0.09723
2022-01-22T17:00:13.495,35043.8,0.39627,35043.81,0.02
2022-01-22T17:00:14.495,35043.8,0.08746,35043.81,0.18142
2022-01-22T17:00:15.495,35035.83,0.10426,35035.84,0.42948
2022-01-22T17:00:16.495,35049.96,0.25201,35049.97,0.08196
2022-01-22T17:00:17.495,35050.01,0.03776,35052.07,0.06459
2022-01-22T17:00:18.494,35049.99,0.14172,35050.0,0.49298
2022-01-22T17:00:19.495,35047.18,0.21436,35047.19,0.08722
2022-01-22T17:00:20.495,35049.99,0.1219,35050.0,0.06224
2022-01-22T17:00:21.495,35062.99,0.398,35063.0,0.20814
2022-01-22T17:00:22.496,35058.97,0.0238,35058.98,0.76801
2022-01-22T17:00:23.497,35061.49,0.56233,35061.5,0.01851
2022-01-22T17:00:24.497,35067.99,0.36102,35068.0,0.02
2022-01-22T17:00:25.498,35077.68,0.56358,35077.69,1.0e-5
2022-01-22T17:00:26.501,35089.93,0.03197,35089.94,0.45304
2022-01-22T17:00:27.501,35083.49,0.18103,35083.5,0.15542
2022-01-22T17:00:28.504,35085.53,0.17338,35085.54,0.03622
2022-01-22T17:00:29.505,35085.53,0.00946,35085.54,0.62768
2022-01-22T17:00:30.504,35071.7,0.18392,35071.71,0.31642
2022-01-22T17:00:31.507,35076.65,0.14908,35076.66,0.09724
2022-01-22T17:00:32.508,35081.3,0.21631,35081.31,0.00336
2022-01-22T17:00:33.507,35082.03,0.03795,35085.53,0.01094
2022-01-22T17:00:34.508,35075.98,0.10721,35075.99,0.07769
2022-01-22T17:00:35.508,35075.14,0.023,35075.15,1.70645
2022-01-22T17:00:36.512,35075.14,0.41694,35075.15,0.11533
2022-01-22T17:00:37.511,35080.75,0.21062,35080.76,0.10302
2022-01-22T17:00:38.511,35099.98,0.01995,35099.99,0.02669
2022-01-22T17:00:39.511,35091.8,0.30924,35091.81,0.031
2022-01-22T17:00:40.511,35095.33,0.09133,35095.34,0.14631
2022-01-22T17:00:41.511,35099.96,0.17852,35099.97,0.08209
2022-01-22T17:00:42.512,35099.96,0.17852,35099.97,0.1849
2022-01-22T17:00:43.512,35099.98,1.3637,35099.99,0.02669
2022-01-22T17:00:44.512,35109.31,0.04563,35109.32,0.10976
2022-01-22T17:00:45.512,35109.03,0.01995,35112.44,0.18193
2022-01-22T17:00:46.517,35116.75,0.68602,35116.76,0.29972
2022-01-22T17:00:47.517,35119.99,0.47141,35120.0,0.40114
2022-01-22T17:00:48.517,35128.25,0.2616,35128.26,0.0849
2022-01-22T17:00:49.518,35131.52,1.27232,35131.53,0.06668
2022-01-22T17:00:50.52,35146.98,0.63548,35150.41,0.03507
2022-01-22T17:00:51.521,35153.58,0.19388,35161.08,0.18842
2022-01-22T17:00:52.521,35161.99,0.37316,35162.0,0.0005
2022-01-22T17:00:53.52,35153.84,0.0749,35155.0,0.23533
2022-01-22T17:00:54.52,35177.66,0.06042,35177.67,0.05793
2022-01-22T17:00:55.521,35177.1,0.82575,35177.11,0.04148
2022-01-22T17:00:56.521,35179.78,0.01687,35182.85,0.06383
2022-01-22T17:00:57.521,35188.97,0.12316,35188.98,0.11308
2022-01-22T17:00:58.52,35198.99,0.12316,35199.0,0.19082
2022-01-22T17:00:59.521,35200.88,0.77644,35201.0,0.1649
2022-01-22T17:01:00.521,35203.89,0.11196,35203.9,0.07359
2022-01-22T17:01:01.521,35189.37,0.05301,35192.78,0.0165
2022-01-22T17:01:02.52,35198.53,0.09492,35198.54,0.01598
2022-01-22T17:01:03.521,35211.79,0.2807,35211.8,0.11196
2022-01-22T17:01:04.521,35204.97,0.20058,35208.26,0.25
2022-01-22T17:01:05.521,35194.78,0.195,35194.79,0.11085
2022-01-22T17:01:06.521,35208.25,0.11196,35208.26,0.22392
2022-01-22T17:01:07.526,35198.0,0.02,35198.01,0.5612
2022-01-22T17:01:08.526,35185.0,0.02495,35185.01,0.60973
2022-01-22T17:01:09.526,35171.26,0.04345,35171.27,0.15416
2022-01-22T17:01:10.526,35172.11,0.00823,35176.23,0.15837
2022-01-22T17:01:11.526,35156.39,0.00074,35156.4,2.75849
2022-01-22T17:01:12.526,35147.61,0.00056,35147.62,1.1262
2022-01-22T17:01:13.527,35155.26,0.2869,35155.27,0.00012
2022-01-22T17:01:14.526,35172.02,0.15807,35172.03,0.12216
2022-01-22T17:01:15.527,35158.4,0.31158,35158.41,0.3122
2022-01-22T17:01:16.528,35164.81,0.00854,35164.82,0.07577
2022-01-22T17:01:17.527,35161.92,0.1039,35161.93,0.12065
2022-01-22T17:01:18.528,35151.0,0.02,35151.01,0.68674
2022-01-22T17:01:19.528,35165.06,0.72271,35165.07,0.1559
2022-01-22T17:01:20.527,35169.99,0.27816,35170.0,0.0189
2022-01-22T17:01:21.527,35169.99,0.12703,35170.0,0.04421
2022-01-22T17:01:22.527,35177.72,1.38561,35177.73,1.0e-5
2022-01-22T17:01:23.528,35187.99,0.0375,35188.0,0.01616
2022-01-22T17:01:24.528,35168.99,0.05061,35171.93,0.07062
2022-01-22T17:01:25.528,35179.99,0.15416,35180.0,0.009
2022-01-22T17:01:26.528,35185.99,0.43831,35186.0,0.02
2022-01-22T17:01:27.529,35185.99,0.04844,35186.0,0.05598
2022-01-22T17:01:28.528,35179.0,0.00027,35179.01,0.20998
2022-01-22T17:01:29.528,35172.03,0.0003,35172.04,0.23533
2022-01-22T17:01:30.528,35167.08,0.09023,35167.09,0.05098
2022-01-22T17:01:31.528,35164.81,0.06628,35164.82,0.28843
2022-01-22T17:01:32.529,35175.67,0.04158,35176.48,0.00191
2022-01-22T17:01:33.529,35177.41,0.01727,35178.9,0.155
2022-01-22T17:01:34.529,35177.22,0.00025,35177.23,0.22588
2022-01-22T17:01:35.529,35178.54,1.0e-5,35178.55,0.14751
2022-01-22T17:01:36.529,35168.63,0.04371,35168.64,0.06158
2022-01-22T17:01:37.53,35167.96,0.00585,35167.97,0.15433
2022-01-22T17:01:38.53,35166.8,0.05276,35166.81,0.13582
2022-01-22T17:01:39.528,35152.91,0.01271,35152.92,0.24815
2022-01-22T17:01:40.529,35148.48,0.00711,35148.49,1.40416
2022-01-22T17:01:41.529,35131.55,0.05927,35136.22,0.25945
2022-01-22T17:01:42.529,35136.67,0.62372,35136.68,0.03666
2022-01-22T17:01:43.53,35146.81,0.2116,35149.88,0.13148
2022-01-22T17:01:44.53,35145.8,0.07043,35145.81,0.01992
2022-01-22T17:01:45.53,35149.22,0.06158,35149.23,0.01798
2022-01-22T17:01:46.53,35154.8,0.19963,35154.81,0.19882
2022-01-22T17:01:47.531,35150.0,0.1117,35150.01,0.16074
2022-01-22T17:01:48.53,35151.9,0.11252,35151.91,0.25209
2022-01-22T17:01:49.53,35144.68,0.25,35144.69,0.12194
2022-01-22T17:01:50.532,35149.76,0.04312,35149.77,4.97378
2022-01-22T17:01:51.531,35143.0,0.14316,35143.01,0.03171
2022-01-22T17:01:52.531,35143.6,0.26619,35143.61,0.16688
2022-01-22T17:01:53.531,35143.6,0.27505,35143.61,0.16553
2022-01-22T17:01:54.531,35143.6,0.45911,35143.61,0.17301
2022-01-22T17:01:55.532,35157.12,0.24701,35157.13,0.02026
2022-01-22T17:01:56.532,35147.63,0.09654,35151.17,0.02569
2022-01-22T17:01:57.531,35140.91,0.12316,35140.92,0.04706
2022-01-22T17:01:58.531,35136.0,0.06318,35136.01,0.18097
2022-01-22T17:01:59.531,35144.99,0.90135,35145.0,0.13012
2022-01-22T17:02:00.532,35143.0,0.91065,35143.01,0.00031
2022-01-22T17:02:01.531,35146.99,0.25183,35147.0,0.02
2022-01-22T17:02:02.531,35143.0,0.06774,35143.01,0.38936
2022-01-22T17:02:03.532,35130.73,0.00855,35130.74,0.68041
2022-01-22T17:02:04.532,35124.19,0.05443,35124.2,0.14785
2022-01-22T17:02:05.532,35131.99,1.25426,35132.0,0.07229
2022-01-22T17:02:06.532,35137.4,0.74213,35137.41,0.02029
2022-01-22T17:02:07.532,35140.0,0.00055,35140.01,4.98961
2022-01-22T17:02:08.531,35131.25,0.06648,35131.26,0.07098
2022-01-22T17:02:09.532,35134.99,1.0256,35135.0,0.01
2022-01-22T17:02:10.532,35125.0,0.06013,35125.01,0.09575
2022-01-22T17:02:11.531,35131.71,0.18269,35131.72,0.12316
2022-01-22T17:02:12.532,35119.97,0.11523,35119.98,0.30615
2022-01-22T17:02:13.532,35119.78,0.31158,35119.79,0.01342
2022-01-22T17:02:14.532,35127.01,0.74758,35127.02,0.14316
2022-01-22T17:02:15.531,35127.01,0.08119,35127.02,0.11715
2022-01-22T17:02:16.532,35118.31,0.38177,35118.32,0.02172
2022-01-22T17:02:17.532,35122.99,0.77907,35123.0,0.01
2022-01-22T17:02:18.532,35121.26,0.04058,35124.0,0.34555
2022-01-22T17:02:19.533,35116.31,0.00056,35116.32,5.61714
2022-01-22T17:02:20.533,35116.31,0.00012,35116.32,4.95765
2022-01-22T17:02:21.533,35097.35,0.01412,35100.85,0.11196
2022-01-22T17:02:22.534,35106.31,0.12713,35107.11,0.11196
2022-01-22T17:02:23.533,35107.09,0.05598,35107.1,0.031
2022-01-22T17:02:24.533,35106.87,0.01639,35106.88,0.02848
2022-01-22T17:02:25.533,35116.73,0.99401,35116.74,3.0e-5
2022-01-22T17:02:26.533,35120.0,0.54837,35120.01,0.06662
2022-01-22T17:02:27.535,35120.48,0.12116,35120.49,1.0e-5
2022-01-22T17:02:28.534,35128.99,0.04706,35129.0,4.69
2022-01-22T17:02:29.533,35121.9,0.26302,35121.91,0.40386
2022-01-22T17:02:30.534,35114.14,0.10592,35114.15,0.05551
2022-01-22T17:02:31.534,35110.66,0.25,35110.67,0.04706
2022-01-22T17:02:32.534,35116.54,0.02052,35116.55,5.43379
2022-01-22T17:02:33.534,35119.99,0.06158,35121.9,0.10663
2022-01-22T17:02:34.533,35121.92,0.19297,35121.93,0.06158
2022-01-22T17:02:35.533,35121.92,0.00817,35121.93,1.10138
2022-01-22T17:02:36.535,35118.3,0.0645,35118.31,0.12316
2022-01-22T17:02:37.535,35120.98,0.05581,35120.99,0.56058
2022-01-22T17:02:38.535,35118.66,0.06158,35118.67,0.01994
2022-01-22T17:02:39.535,35111.0,0.0421,35111.01,0.92904
2022-01-22T17:02:40.535,35110.96,0.00081,35110.97,1.26789
2022-01-22T17:02:41.535,35107.0,0.06158,35107.01,0.6428
2022-01-22T17:02:42.536,35104.3,0.07146,35104.31,0.10934
2022-01-22T17:02:43.535,35104.31,0.35864,35104.32,0.00641
2022-01-22T17:02:44.535,35102.53,0.00251,35102.54,0.10783
2022-01-22T17:02:45.535,35106.8,0.23615,35106.81,0.00421
2022-01-22T17:02:46.535,35104.32,0.12669,35106.77,0.031
2022-01-22T17:02:47.536,35101.0,0.28362,35106.59,0.05442
2022-01-22T17:02:48.536,35097.75,0.11381,35099.26,0.11196
2022-01-22T17:02:49.536,35101.41,0.05568,35101.42,0.62391
2022-01-22T17:02:50.536,35097.28,0.05201,35097.29,0.06115
2022-01-22T17:02:51.536,35102.49,3.68662,35102.5,0.01
2022-01-22T17:02:52.537,35112.73,0.5507,35112.74,0.00941
2022-01-22T17:02:53.536,35116.7,0.31204,35116.71,0.02656
2022-01-22T17:02:54.537,35114.23,0.27517,35114.24,0.10664
2022-01-22T17:02:55.536,35114.23,0.22802,35114.24,0.28104
2022-01-22T17:02:56.537,35114.23,0.22841,35114.24,0.08315
2022-01-22T17:02:57.536,35114.77,0.7452,35114.78,0.00183
2022-01-22T17:02:58.537,35132.05,0.0905,35132.06,0.21423
2022-01-22T17:02:59.537,35139.5,5.16765,35139.51,0.00079
2022-01-22T17:03:00.537,35143.6,0.3414,35143.61,0.59049
2022-01-22T17:03:01.538,35134.88,0.04666,35134.89,0.17141
2022-01-22T17:03:02.537,35137.62,0.10821,35137.63,0.26613
2022-01-22T17:03:03.541,35143.59,0.18726,35143.6,0.25959
2022-01-22T17:03:04.541,35138.16,0.09801,35138.17,0.14868
2022-01-22T17:03:05.541,35138.16,0.0997,35138.17,0.11626
2022-01-22T17:03:06.542,35148.47,0.15736,35148.48,0.04308
2022-01-22T17:03:07.543,35159.99,0.29033,35160.0,0.3858
2022-01-22T17:03:08.546,35159.99,0.2827,35160.0,0.42111
2022-01-22T17:03:09.543,35159.99,0.17216,35160.0,0.31901
2022-01-22T17:03:10.542,35154.99,4.66509,35155.0,0.12295
2022-01-22T17:03:11.543,35159.84,0.31379,35159.85,0.04876
2022-01-22T17:03:12.545,35170.99,0.09232,35171.0,0.49617
2022-01-22T17:03:13.543,35176.06,0.84214,35176.07,0.00879
2022-01-22T17:03:14.546,35187.01,1.38014,35187.02,0.00149
2022-01-22T17:03:15.543,35184.99,0.00136,35185.0,0.94184
2022-01-22T17:03:16.546,35171.59,0.00485,35176.61,0.14405
2022-01-22T17:03:17.543,35176.68,1.58484,35176.69,0.29879
2022-01-22T17:03:18.548,35184.56,1.05408,35184.57,0.00733
2022-01-22T17:03:19.548,35186.13,0.05005,35190.28,0.18008
2022-01-22T17:03:20.548,35193.1,0.01991,35193.11,0.24206
2022-01-22T17:03:21.549,35193.1,0.13112,35193.11,0.06158
2022-01-22T17:03:22.548,35193.34,0.04154,35195.62,0.0498
2022-01-22T17:03:23.549,35203.51,0.28547,35203.52,0.17908
2022-01-22T17:03:24.549,35189.2,0.1145,35189.21,0.06691
2022-01-22T17:03:25.549,35195.99,3.7476,35196.0,0.00061
2022-01-22T17:03:26.549,35198.99,0.22911,35199.0,0.00784
2022-01-22T17:03:27.549,35199.99,0.10438,35200.0,0.0013
2022-01-22T17:03:28.548,35203.52,0.28473,35203.53,0.88007
2022-01-22T17:03:29.549,35195.99,0.01079,35196.0,0.96269
2022-01-22T17:03:30.549,35195.99,0.01079,35196.0,0.44716
2022-01-22T17:03:31.549,35193.43,0.31158,35193.44,0.06263
2022-01-22T17:03:32.55,35187.01,0.04668,35187.02,0.05866
2022-01-22T17:03:33.549,35176.79,0.07979,35178.62,0.15416
2022-01-22T17:03:34.55,35183.32,0.06774,35183.33,0.13548
2022-01-22T17:03:35.55,35183.32,0.05597,35183.33,0.45052
2022-01-22T17:03:36.55,35174.85,0.00056,35174.86,0.51303
2022-01-22T17:03:37.55,35168.48,0.17529,35168.49,0.14714
2022-01-22T17:03:38.551,35167.95,0.06633,35167.96,0.41672
2022-01-22T17:03:39.551,35164.61,0.06774,35164.62,0.10469
2022-01-22T17:03:40.551,35160.92,1.0e-5,35160.93,4.21991
2022-01-22T17:03:41.55,35160.92,0.10857,35162.1,0.031
2022-01-22T17:03:42.55,35168.46,0.25,35168.47,0.32652
2022-01-22T17:03:43.55,35153.49,0.09918,35153.5,0.30307
2022-01-22T17:03:44.551,35156.18,0.11661,35156.19,0.08208
2022-01-22T17:03:45.551,35155.87,0.03983,35155.88,0.16403
2022-01-22T17:03:46.551,35150.11,0.07199,35150.12,0.38624
2022-01-22T17:03:47.552,35159.39,0.07451,35159.4,0.08826
2022-01-22T17:03:48.551,35155.31,0.07451,35155.32,0.14268
2022-01-22T17:03:49.552,35155.31,0.16611,35155.32,0.14731
2022-01-22T17:03:50.551,35152.42,0.1771,35152.43,0.10492
2022-01-22T17:03:51.552,35161.67,0.07174,35161.68,0.15168
2022-01-22T17:03:52.552,35162.75,0.43492,35162.76,0.03903
2022-01-22T17:03:53.552,35163.27,0.1549,35163.28,0.64912
2022-01-22T17:03:54.552,35173.9,0.47042,35173.91,0.12075
2022-01-22T17:03:55.552,35173.9,0.446,35173.91,0.09901
2022-01-22T17:03:56.552,35186.13,0.26527,35186.14,0.06724
2022-01-22T17:03:57.552,35179.61,0.15644,35179.62,0.03072
2022-01-22T17:03:58.552,35148.51,0.031,35148.52,0.04706
2022-01-22T17:03:59.552,35156.99,0.63618,35157.0,0.02
2022-01-22T17:04:00.552,35156.31,0.1142,35156.32,0.12167
2022-01-22T17:04:01.552,35155.53,0.08196,35155.54,0.27316
2022-01-22T17:04:02.553,35165.29,0.13712,35165.3,0.27946
2022-01-22T17:04:03.553,35155.31,0.05331,35155.32,0.15002
2022-01-22T17:04:04.553,35150.49,0.0624,35150.5,0.01993
2022-01-22T17:04:05.553,35149.87,0.52832,35149.88,0.1566
2022-01-22T17:04:06.554,35140.0,0.18629,35140.01,0.57503
2022-01-22T17:04:07.553,35140.0,0.65953,35140.01,0.23533
2022-01-22T17:04:08.553,35147.11,0.11247,35147.12,0.08196
2022-01-22T17:04:09.553,35144.06,0.01709,35144.07,0.33937
2022-01-22T17:04:10.556,35153.98,0.58115,35154.0,0.06
2022-01-22T17:04:11.553,35153.99,0.54518,35154.0,0.18392
2022-01-22T17:04:12.553,35161.74,0.08196,35161.75,0.08131
2022-01-22T17:04:13.553,35154.07,0.03706,35157.58,0.02316
2022-01-22T17:04:14.554,35154.91,0.29271,35154.92,0.1
2022-01-22T17:04:15.553,35155.02,0.08925,35157.89,0.16392
2022-01-22T17:04:16.554,35157.88,0.18095,35157.89,0.26392
2022-01-22T17:04:17.553,35157.88,0.03001,35157.89,0.08848
2022-01-22T17:04:18.554,35160.17,0.54535,35160.18,0.00113
2022-01-22T17:04:19.554,35161.23,0.18033,35161.24,0.00783
2022-01-22T17:04:20.554,35161.23,0.03155,35161.24,0.2695
2022-01-22T17:04:21.554,35159.87,0.0177,35161.24,0.09215
2022-01-22T17:04:22.554,35165.07,1.08079,35165.08,0.01027
2022-01-22T17:04:23.554,35169.38,1.31684,35169.39,0.00284
2022-01-22T17:04:24.555,35169.92,0.25396,35169.93,0.15719
2022-01-22T17:04:25.555,35169.43,0.14113,35169.44,0.11788
2022-01-22T17:04:26.554,35161.82,0.18004,35161.83,0.25903
2022-01-22T17:04:27.554,35160.65,0.39194,35160.66,0.00104
2022-01-22T17:04:28.556,35160.69,0.14148,35160.7,0.3942
2022-01-22T17:04:29.555,35160.69,0.05019,35160.7,0.3942
2022-01-22T17:04:30.555,35154.91,1.0e-5,35154.92,0.17205
2022-01-22T17:04:31.555,35160.69,0.19037,35160.7,0.31041
2022-01-22T17:04:32.554,35156.0,0.10016,35156.01,0.1417
2022-01-22T17:04:33.555,35148.43,0.03591,35148.44,0.61708
2022-01-22T17:04:34.555,35140.64,0.07815,35140.65,0.84883
2022-01-22T17:04:35.556,35132.06,0.17689,35132.07,1.69289
2022-01-22T17:04:36.555,35119.79,0.17263,35119.8,0.71074
2022-01-22T17:04:37.555,35132.6,0.51993,35132.61,0.00461
2022-01-22T17:04:38.555,35126.97,0.09016,35126.98,1.9681
2022-01-22T17:04:39.555,35121.0,1.0e-5,35121.01,0.87145
2022-01-22T17:04:40.555,35114.33,0.20332,35114.34,0.16392
2022-01-22T17:04:41.558,35111.15,0.08196,35111.16,0.22353
2022-01-22T17:04:42.558,35105.53,1.52527,35105.54,0.13647
2022-01-22T17:04:43.557,35111.15,0.83241,35111.16,4.0e-5
2022-01-22T17:04:44.558,35119.55,0.031,35119.56,0.16392
2022-01-22T17:04:45.558,35119.55,0.02392,35119.56,0.42478
2022-01-22T17:04:46.558,35101.43,0.12713,35103.58,0.01192
2022-01-22T17:04:47.557,35110.26,0.25,35110.27,0.05104
2022-01-22T17:04:48.558,35121.29,0.14925,35121.3,0.29007
2022-01-22T17:04:49.559,35121.29,0.07685,35121.3,0.44413
2022-01-22T17:04:50.558,35119.79,0.27828,35119.8,0.21016
2022-01-22T17:04:51.558,35121.55,0.07835,35123.49,0.12899
2022-01-22T17:04:52.558,35127.67,0.60962,35127.68,0.25445
2022-01-22T17:04:53.558,35136.85,1.28567,35136.86,0.08942
2022-01-22T17:04:54.558,35136.86,0.17332,35136.87,0.35947
2022-01-22T17:04:55.559,35127.54,0.15611,35127.55,0.088
2022-01-22T17:04:56.559,35130.23,0.15096,35130.24,0.188
2022-01-22T17:04:57.559,35127.54,0.14093,35127.55,0.12639
2022-01-22T17:04:58.559,35127.01,0.07302,35127.02,0.22288
2022-01-22T17:04:59.56,35130.21,0.1239,35130.22,0.23169
2022-01-22T17:05:00.559,35127.54,0.0025,35127.55,2.21058
2022-01-22T17:05:01.56,35128.69,0.0802,35130.23,0.035
2022-01-22T17:05:02.56,35121.61,0.06801,35121.62,0.25695
2022-01-22T17:05:03.56,35121.6,0.02925,35123.93,0.04342
2022-01-22T17:05:04.56,35120.81,0.07441,35120.82,0.21054
2022-01-22T17:05:05.56,35110.43,0.04176,35110.44,0.16392
2022-01-22T17:05:06.56,35111.1,0.16503,35111.11,0.25628
2022-01-22T17:05:07.561,35112.32,0.11203,35114.33,0.46412
2022-01-22T17:05:08.561,35112.32,0.03007,35112.33,0.27695
2022-01-22T17:05:09.56,35104.96,0.00575,35104.97,0.60907
2022-01-22T17:05:10.56,35104.96,1.0e-5,35104.97,0.57816
2022-01-22T17:05:11.56,35104.96,0.24537,35104.97,0.00438
2022-01-22T17:05:12.56,35111.48,0.03437,35111.49,0.45269
2022-01-22T17:05:13.561,35111.48,0.02484,35111.49,0.49171
2022-01-22T17:05:14.56,35111.49,1.29019,35111.5,1.0e-5
2022-01-22T17:05:15.561,35111.48,0.00202,35112.18,0.6183
2022-01-22T17:05:16.56,35111.48,0.00087,35111.49,0.6207
2022-01-22T17:05:17.561,35105.77,0.15691,35105.78,0.01967
2022-01-22T17:05:18.561,35104.97,0.07494,35104.98,0.16392
2022-01-22T17:05:19.56,35108.49,0.07451,35108.5,0.12537
2022-01-22T17:05:20.561,35116.91,0.1241,35116.92,0.05448
2022-01-22T17:05:21.561,35119.75,0.25,35119.76,0.12531
2022-01-22T17:05:22.56,35121.69,0.28631,35121.7,0.00311
2022-01-22T17:05:23.562,35131.09,0.16424,35131.1,0.07518
2022-01-22T17:05:24.561,35134.69,0.42768,35134.7,0.09747
2022-01-22T17:05:25.561,35137.3,1.78888,35137.31,0.00161
2022-01-22T17:05:26.562,35147.65,0.27516,35147.66,0.03677
2022-01-22T17:05:27.561,35151.76,0.46444,35151.77,0.07352
2022-01-22T17:05:28.561,35159.05,0.17721,35159.06,0.37257
2022-01-22T17:05:29.561,35163.39,0.14428,35163.4,1.27827
2022-01-22T17:05:30.561,35165.41,0.4044,35165.42,1.0e-5
2022-01-22T17:05:31.562,35164.87,0.00545,35164.88,0.35666
2022-01-22T17:05:32.562,35161.33,0.18196,35161.34,0.04805
2022-01-22T17:05:33.563,35159.06,0.08196,35159.07,0.16085
2022-01-22T17:05:34.562,35159.05,0.00314,35159.06,0.96964
2022-01-22T17:05:35.563,35155.54,0.08623,35155.55,0.14193
2022-01-22T17:05:36.562,35155.54,0.10498,35155.55,0.11776
2022-01-22T17:05:37.563,35138.95,0.19729,35138.96,0.14198
2022-01-22T17:05:38.563,35138.95,0.05448,35138.96,0.15899
2022-01-22T17:05:39.563,35138.95,0.05137,35138.96,0.05907
2022-01-22T17:05:40.562,35143.95,0.04331,35143.96,0.11178
2022-01-22T17:05:41.563,35143.95,0.07451,35143.96,0.1668
2022-01-22T17:05:42.563,35134.25,0.14958,35134.26,0.06777
2022-01-22T17:05:43.563,35121.86,0.155,35123.88,0.13935
2022-01-22T17:05:44.563,35130.0,0.62302,35130.01,0.04306
2022-01-22T17:05:45.563,35132.15,0.1334,35132.16,1.25569
2022-01-22T17:05:46.565,35115.95,0.23464,35115.96,0.1458
2022-01-22T17:05:47.564,35112.48,0.06137,35112.49,0.58168
2022-01-22T17:05:48.564,35100.17,0.03989,35103.88,0.12792
2022-01-22T17:05:49.565,35103.88,0.04016,35103.89,0.20461
2022-01-22T17:05:50.566,35097.53,0.0101,35103.24,0.39756
2022-01-22T17:05:51.565,35097.33,0.057,35099.7,0.16192
2022-01-22T17:05:52.565,35113.5,2.31899,35113.51,0.1325
2022-01-22T17:05:53.565,35114.35,0.00958,35114.36,0.16392
2022-01-22T17:05:54.565,35113.52,1.0e-5,35113.53,0.69947
2022-01-22T17:05:55.564,35105.0,0.00902,35105.01,0.17631
2022-01-22T17:05:56.564,35116.99,0.55245,35117.0,0.18392
2022-01-22T17:05:57.565,35116.99,0.01993,35117.0,0.43507
2022-01-22T17:05:58.565,35110.28,0.2841,35110.29,0.08227
2022-01-22T17:05:59.566,35107.91,0.08196,35107.92,0.35521
2022-01-22T17:06:00.566,35112.57,0.08196,35112.58,0.19574
2022-01-22T17:06:01.565,35108.68,0.20363,35108.69,0.11937
2022-01-22T17:06:02.566,35107.92,0.00235,35107.93,0.66185
2022-01-22T17:06:03.566,35105.94,0.20242,35105.95,0.14161
2022-01-22T17:06:04.567,35105.94,0.08196,35105.95,0.46395
2022-01-22T17:06:05.565,35094.73,0.02999,35097.25,0.01434
2022-01-22T17:06:06.566,35087.31,0.06179,35087.32,0.08168
2022-01-22T17:06:07.566,35079.67,0.0609,35079.68,0.40859
2022-01-22T17:06:08.566,35092.98,0.55984,35092.99,0.04097
2022-01-22T17:06:09.565,35092.99,0.36485,35093.0,0.04506
2022-01-22T17:06:10.567,35087.55,0.04143,35087.56,0.07181
2022-01-22T17:06:11.567,35088.3,0.07451,35088.31,0.0329
2022-01-22T17:06:12.567,35076.16,0.07451,35076.17,0.09121
2022-01-22T17:06:13.567,35079.67,0.04134,35079.68,16.67894
2022-01-22T17:06:14.567,35067.31,0.10423,35067.32,0.35693
2022-01-22T17:06:15.571,35074.02,0.16421,35074.03,0.11502
2022-01-22T17:06:16.571,35065.05,0.07451,35065.06,0.01
2022-01-22T17:06:17.571,35074.79,0.13431,35074.8,0.18332
2022-01-22T17:06:18.572,35065.37,0.34098,35067.44,0.05211
2022-01-22T17:06:19.572,35079.49,0.12947,35079.5,0.66256
2022-01-22T17:06:20.572,35060.19,0.07451,35060.2,0.65749
2022-01-22T17:06:21.572,35064.99,1.35142,35065.0,0.16372
2022-01-22T17:06:22.573,35058.02,0.01784,35059.3,0.05798
2022-01-22T17:06:23.572,35061.17,0.01917,35061.18,0.25734
2022-01-22T17:06:24.572,35058.02,0.07163,35058.03,0.41331
2022-01-22T17:06:25.571,35056.35,0.5773,35056.36,0.0086
2022-01-22T17:06:26.572,35056.33,0.03641,35056.34,0.40875
2022-01-22T17:06:27.572,35064.98,1.08196,35064.99,0.61807
2022-01-22T17:06:28.572,35058.01,0.10194,35058.02,0.17088
2022-01-22T17:06:29.571,35058.01,0.00941,35058.02,3.52802
2022-01-22T17:06:30.572,35058.01,0.08155,35058.02,0.20852
2022-01-22T17:06:31.572,35053.03,1.38907,35053.04,0.07386
2022-01-22T17:06:32.574,35041.0,0.00156,35041.01,0.37978
2022-01-22T17:06:33.573,35040.71,0.10141,35040.72,0.73281
2022-01-22T17:06:34.574,35038.42,0.0057,35038.43,1.56641
2022-01-22T17:06:35.574,35038.42,0.00134,35038.43,0.21098
2022-01-22T17:06:36.573,35038.42,0.00134,35038.43,0.15562
2022-01-22T17:06:37.573,35038.42,0.03442,35038.43,0.53578
2022-01-22T17:06:38.574,35031.09,1.0e-5,35031.1,0.905
2022-01-22T17:06:39.574,35033.05,0.26205,35033.06,0.04706
2022-01-22T17:06:40.574,35034.34,0.09016,35040.64,0.04706
2022-01-22T17:06:41.574,35033.47,0.22947,35033.48,0.23322
2022-01-22T17:06:42.574,35039.62,0.74597,35039.63,0.13722
2022-01-22T17:06:43.575,35035.07,0.17789,35035.08,0.32349
2022-01-22T17:06:44.574,35032.27,0.12665,35032.28,0.2124
2022-01-22T17:06:45.574,35030.0,0.30305,35030.01,0.00583
2022-01-22T17:06:46.574,35040.11,0.24875,35040.12,0.1652
2022-01-22T17:06:47.574,35030.0,0.00085,35030.01,0.78059
2022-01-22T17:06:48.574,35024.48,0.08965,35024.49,1.14019
2022-01-22T17:06:49.575,35029.99,0.90501,35030.0,0.04737
2022-01-22T17:06:50.575,35027.83,0.16108,35027.84,0.19834
2022-01-22T17:06:51.575,35039.19,0.62295,35039.2,0.04706
2022-01-22T17:06:52.575,35032.86,0.09917,35032.87,0.62144
2022-01-22T17:06:53.575,35032.86,0.93195,35032.87,0.00177
2022-01-22T17:06:54.575,35042.88,1.05036,35042.89,0.00069
2022-01-22T17:06:55.577,35027.83,0.09391,35027.84,13.97696
2022-01-22T17:06:56.575,35049.08,0.04532,35049.09,0.23889
2022-01-22T17:06:57.577,35049.08,0.13302,35049.09,0.08631
2022-01-22T17:06:58.576,35058.32,0.1057,35058.33,0.32548
2022-01-22T17:06:59.576,35057.96,0.00142,35057.97,0.97872
2022-01-22T17:07:00.576,35057.95,1.8362,35057.96,1.0e-5
2022-01-22T17:07:01.576,35071.71,0.72368,35071.72,0.09958
2022-01-22T17:07:02.575,35073.45,0.28396,35073.46,0.12922
2022-01-22T17:07:03.575,35062.47,0.0812,35065.39,0.01468
2022-01-22T17:07:04.576,35065.47,0.00737,35065.48,0.25943
2022-01-22T17:07:05.577,35061.21,0.25665,35061.22,0.09917
2022-01-22T17:07:06.576,35061.21,0.26914,35061.22,0.95958
2022-01-22T17:07:07.577,35053.14,0.21853,35053.15,0.10909
2022-01-22T17:07:08.576,35049.64,0.00462,35049.66,0.79652
2022-01-22T17:07:09.576,35038.88,0.10909,35038.89,0.20276
2022-01-22T17:07:10.577,35046.68,0.71816,35046.69,0.1433
2022-01-22T17:07:11.578,35049.95,0.20177,35049.96,0.10009
2022-01-22T17:07:12.577,35042.75,0.10909,35042.76,0.1817
2022-01-22T17:07:13.577,35037.31,0.15876,35037.32,0.15978
2022-01-22T17:07:14.578,35033.84,0.3189,35033.85,0.25003
2022-01-22T17:07:15.577,35037.3,0.35901,35037.32,0.00773
2022-01-22T17:07:16.578,35033.42,0.0355,35036.26,0.01721
2022-01-22T17:07:17.579,35033.47,0.27102,35033.48,0.09917
2022-01-22T17:07:18.578,35033.47,1.0e-5,35033.48,0.53517
2022-01-22T17:07:19.578,35030.88,0.8345,35032.37,0.40062
2022-01-22T17:07:20.578,35025.4,0.04384,35027.47,0.06882
2022-01-22T17:07:21.578,35022.99,0.02602,35023.0,0.2156
2022-01-22T17:07:22.579,35027.46,0.06718,35027.47,0.20952
2022-01-22T17:07:23.578,35021.29,0.04253,35021.3,0.19834
2022-01-22T17:07:24.578,35016.28,0.02094,35016.29,0.94834
2022-01-22T17:07:25.579,35015.88,0.09917,35015.89,0.28758
2022-01-22T17:07:26.578,35007.18,0.0673,35007.19,0.24211
2022-01-22T17:07:27.579,35018.09,0.54243,35018.1,0.04706
2022-01-22T17:07:28.579,35016.46,0.16287,35016.47,0.76413
2022-01-22T17:07:29.579,35015.76,0.21973,35015.77,0.09016
2022-01-22T17:07:30.579,35031.73,0.55684,35031.74,0.08772
2022-01-22T17:07:31.579,35038.71,1.13151,35038.72,0.12786
2022-01-22T17:07:32.579,35048.73,0.04211,35053.66,0.08015
2022-01-22T17:07:33.579,35061.21,1.72326,35061.22,0.85912
2022-01-22T17:07:34.579,35061.21,0.24218,35061.22,1.01577
2022-01-22T17:07:35.579,35049.87,0.60965,35049.88,0.05512
2022-01-22T17:07:36.58,35055.02,0.17684,35055.03,0.13258
2022-01-22T17:07:37.581,35042.77,0.00057,35048.14,0.11435
2022-01-22T17:07:38.581,35038.65,0.49514,35038.66,0.08156
2022-01-22T17:07:39.58,35042.77,0.18127,35042.78,0.1925
2022-01-22T17:07:40.58,35035.07,0.29256,35041.49,0.07056
2022-01-22T17:07:41.581,35029.1,0.18708,35029.11,0.33686
2022-01-22T17:07:42.58,35027.84,0.00474,35027.85,1.11708
2022-01-22T17:07:43.581,35024.33,0.08543,35024.34,0.29157
2022-01-22T17:07:44.581,35030.66,0.20449,35030.67,0.21641
2022-01-22T17:07:45.58,35027.7,0.02,35027.71,0.38089
2022-01-22T17:07:46.581,35024.05,0.65875,35024.06,0.0414
2022-01-22T17:07:47.581,35027.72,0.01903,35027.73,0.14403
2022-01-22T17:07:48.58,35021.04,0.62796,35021.05,0.00267
2022-01-22T17:07:49.581,35035.99,0.86178,35036.0,0.02
2022-01-22T17:07:50.583,35039.53,0.37693,35039.54,0.00225
2022-01-22T17:07:51.585,35050.01,0.75535,35050.02,0.08196
2022-01-22T17:07:52.583,35050.01,0.04111,35050.02,0.31301
2022-01-22T17:07:53.588,35054.1,0.64998,35054.11,0.01141
2022-01-22T17:07:54.583,35058.01,0.94878,35058.02,0.00139
2022-01-22T17:07:55.582,35058.01,0.18446,35058.02,0.08225
2022-01-22T17:07:56.583,35051.75,0.05027,35053.64,0.07063
2022-01-22T17:07:57.586,35048.84,0.1069,35048.85,0.07908
2022-01-22T17:07:58.582,35052.92,0.20751,35052.93,0.08139
2022-01-22T17:07:59.585,35058.0,0.66492,35058.01,0.0871
2022-01-22T17:08:00.583,35061.21,1.27417,35061.22,0.80825
2022-01-22T17:08:01.584,35055.01,0.17355,35060.61,0.001
2022-01-22T17:08:02.584,35054.14,0.04071,35054.15,0.14902
2022-01-22T17:08:03.587,35052.93,0.03236,35052.94,0.22433
2022-01-22T17:08:04.584,35052.93,0.25436,35052.94,0.04101
2022-01-22T17:08:05.587,35060.99,1.84506,35065.0,0.01983
2022-01-22T17:08:06.584,35056.39,0.23006,35056.4,0.21398
2022-01-22T17:08:07.584,35048.87,0.57585,35048.88,0.00279
2022-01-22T17:08:08.585,35044.13,1.0e-5,35044.14,0.07129
2022-01-22T17:08:09.587,35041.03,1.0e-5,35041.04,1.33836
2022-01-22T17:08:10.584,35041.03,1.0e-5,35041.04,1.14078
2022-01-22T17:08:11.589,35041.03,1.0e-5,35041.04,1.14078
2022-01-22T17:08:12.585,35034.28,0.2443,35034.29,0.0677
2022-01-22T17:08:13.587,35034.18,0.16392,35034.19,0.40665
2022-01-22T17:08:14.585,35032.66,0.14323,35032.67,0.08196
2022-01-22T17:08:15.585,35032.66,0.13861,35032.67,0.13741
2022-01-22T17:08:16.585,35021.01,0.03912,35024.16,0.25
2022-01-22T17:08:17.586,35025.42,0.0101,35025.43,0.19549
2022-01-22T17:08:18.585,35020.0,0.00029,35020.01,0.94492
2022-01-22T17:08:19.586,35022.1,0.25,35022.11,0.02
2022-01-22T17:08:20.585,35041.9,4.48814,35048.92,0.1546
2022-01-22T17:08:21.586,35056.38,1.82475,35056.39,1.0e-5
2022-01-22T17:08:22.584,35064.21,1.11554,35064.22,0.13244
2022-01-22T17:08:23.585,35056.65,0.02705,35056.66,0.69742
2022-01-22T17:08:24.584,35052.75,0.14884,35052.76,0.07496
2022-01-22T17:08:25.585,35052.55,0.00587,35052.56,0.5
2022-01-22T17:08:26.585,35047.32,0.3111,35049.1,0.21162
2022-01-22T17:08:27.586,35050.14,0.01997,35050.15,0.51345
2022-01-22T17:08:28.586,35038.08,0.22028,35038.09,0.031
2022-01-22T17:08:29.586,35037.45,0.14897,35037.46,0.11546
2022-01-22T17:08:30.586,35034.84,0.00863,35034.85,0.88236
2022-01-22T17:08:31.586,35041.1,0.19348,35041.11,0.49419
2022-01-22T17:08:32.586,35025.42,0.20437,35025.43,0.57403
2022-01-22T17:08:33.587,35024.37,2.0e-5,35024.38,1.43861
2022-01-22T17:08:34.586,35029.63,0.31826,35029.64,0.14623
2022-01-22T17:08:35.587,35037.99,0.83843,35038.0,0.00956
2022-01-22T17:08:36.587,35041.14,0.38036,35041.15,2.3381
2022-01-22T17:08:37.587,35048.35,1.13649,35048.36,0.01052
2022-01-22T17:08:38.586,35048.99,0.01044,35049.0,0.33202
2022-01-22T17:08:39.587,35044.1,0.04285,35047.36,0.155
2022-01-22T17:08:40.587,35044.55,0.04706,35044.56,0.54983
2022-01-22T17:08:41.587,35043.22,0.08132,35043.23,0.10387
2022-01-22T17:08:42.588,35049.99,0.09332,35050.0,0.17866
2022-01-22T17:08:43.588,35047.54,0.15068,35047.55,0.68314
2022-01-22T17:08:44.588,35052.54,0.48207,35052.55,0.09016
2022-01-22T17:08:45.588,35052.54,0.46088,35052.55,0.09016
2022-01-22T17:08:46.589,35045.41,0.06348,35050.22,0.25158
2022-01-22T17:08:47.589,35038.84,0.09821,35038.85,0.17208
2022-01-22T17:08:48.589,35038.84,0.0468,35038.85,0.17208
2022-01-22T17:08:49.588,35038.84,0.0852,35038.85,0.21475
2022-01-22T17:08:50.589,35029.79,0.08849,35029.8,0.27601
2022-01-22T17:08:51.589,35034.81,0.14596,35034.82,0.43032
2022-01-22T17:08:52.589,35037.3,0.9098,35037.31,0.04034
2022-01-22T17:08:53.589,35037.3,0.01106,35037.31,2.68561
2022-01-22T17:08:54.589,35032.67,0.09414,35032.68,0.23094
2022-01-22T17:08:55.589,35032.67,0.18364,35032.68,0.14711
2022-01-22T17:08:56.59,35032.71,0.24232,35032.72,0.00144
2022-01-22T17:08:57.59,35036.08,0.15922,35036.09,0.21304
2022-01-22T17:08:58.59,35031.78,1.0e-5,35031.79,1.13112
2022-01-22T17:08:59.59,35026.85,0.0443,35026.86,0.20075
2022-01-22T17:09:00.591,35030.36,0.09016,35030.37,0.88691
2022-01-22T17:09:01.591,35026.85,0.11998,35026.86,0.24606
2022-01-22T17:09:02.592,35029.96,0.10673,35029.97,0.18783
2022-01-22T17:09:03.592,35026.85,0.09016,35026.86,0.61988
2022-01-22T17:09:04.593,35026.85,0.18921,35026.86,0.19367
2022-01-22T17:09:05.593,35026.85,0.18518,35026.86,0.18609
2022-01-22T17:09:06.593,35031.49,0.12952,35031.5,0.25026
2022-01-22T17:09:07.593,35038.83,0.16602,35038.84,0.23932
2022-01-22T17:09:08.592,35032.32,0.24584,35034.48,0.09016
2022-01-22T17:09:09.593,35046.04,0.50721,35046.05,0.03995
2022-01-22T17:09:10.593,35047.16,0.03995,35052.5,0.11854
2022-01-22T17:09:11.593,35052.53,0.5961,35052.54,0.12825
2022-01-22T17:09:12.592,35043.95,0.04962,35048.85,0.05597
2022-01-22T17:09:13.598,35054.99,2.39318,35055.0,0.00191
2022-01-22T17:09:14.593,35054.98,0.43384,35054.99,0.00029
2022-01-22T17:09:15.594,35052.41,0.09147,35057.81,0.05785
2022-01-22T17:09:16.594,35055.3,0.10722,35059.5,0.02367
2022-01-22T17:09:17.594,35048.53,0.00462,35048.54,0.25
2022-01-22T17:09:18.593,35038.85,0.00057,35038.86,0.93298
2022-01-22T17:09:19.594,35032.0,0.08196,35032.01,0.71655
2022-01-22T17:09:20.595,35030.0,0.0083,35030.01,0.12145
2022-01-22T17:09:21.594,35029.0,0.50704,35029.01,0.30429
2022-01-22T17:09:22.595,35042.39,0.12618,35042.4,0.16341
2022-01-22T17:09:23.594,35042.39,0.11697,35042.4,0.19441
2022-01-22T17:09:24.595,35045.96,0.15078,35045.97,0.16392
2022-01-22T17:09:25.595,35049.98,0.10195,35049.99,0.21163
2022-01-22T17:09:26.595,35049.99,0.17023,35050.0,6.40495
2022-01-22T17:09:27.594,35049.99,0.16377,35050.0,6.40884
2022-01-22T17:09:28.596,35049.99,0.0321,35050.0,6.8401
2022-01-22T17:09:29.595,35059.98,0.28768,35059.99,0.96251
2022-01-22T17:09:30.595,35055.79,0.01188,35055.8,0.70166
2022-01-22T17:09:31.596,35050.37,0.10791,35055.53,0.1578
2022-01-22T17:09:32.595,35054.98,0.1521,35059.96,0.0624
2022-01-22T17:09:33.596,35054.98,0.09598,35055.5,0.09016
2022-01-22T17:09:34.596,35055.49,0.43032,35055.5,0.08959
2022-01-22T17:09:35.596,35071.17,0.17712,35071.18,1.6443
2022-01-22T17:09:36.597,35071.17,0.06731,35071.18,1.60286
2022-01-22T17:09:37.597,35071.17,1.0e-5,35071.18,1.63085
2022-01-22T17:09:38.596,35070.94,0.01626,35070.95,0.1806
2022-01-22T17:09:39.597,35070.94,0.01282,35070.95,0.15143
2022-01-22T17:09:40.597,35071.17,0.21292,35071.18,1.24397
2022-01-22T17:09:41.597,35071.17,0.14979,35071.18,1.22059
2022-01-22T17:09:42.597,35071.17,0.29255,35071.18,1.21447
2022-01-22T17:09:43.596,35071.17,0.29255,35071.18,1.11545
2022-01-22T17:09:44.596,35071.17,0.25849,35071.18,0.79939
2022-01-22T17:09:45.597,35079.75,0.00457,35079.76,0.51272
2022-01-22T17:09:46.597,35089.34,0.66565,35090.11,0.39991
2022-01-22T17:09:47.597,35099.04,0.05682,35099.05,2.46358
2022-01-22T17:09:48.597,35091.13,0.20792,35091.14,0.01626
2022-01-22T17:09:49.597,35091.13,0.19364,35091.14,0.04984
2022-01-22T17:09:50.597,35095.42,0.18981,35095.43,0.08196
2022-01-22T17:09:51.597,35095.77,0.02766,35098.8,0.0121
2022-01-22T17:09:52.598,35095.47,0.19353,35095.48,0.39972
2022-01-22T17:09:53.598,35088.5,0.10329,35088.51,0.16553
2022-01-22T17:09:54.597,35092.24,0.21201,35092.25,0.07221
2022-01-22T17:09:55.597,35092.24,0.19598,35092.25,0.05721
2022-01-22T17:09:56.597,35092.24,0.35437,35092.25,0.04151
2022-01-22T17:09:57.597,35096.83,0.12167,35099.51,0.03988
2022-01-22T17:09:58.598,35101.84,0.16392,35101.85,0.1
2022-01-22T17:09:59.597,35107.86,0.16392,35107.87,0.17234
2022-01-22T17:10:00.598,35096.31,0.07451,35102.17,0.02361
2022-01-22T17:10:01.602,35095.75,0.18928,35095.76,0.07451
2022-01-22T17:10:02.598,35098.98,0.19203,35098.99,0.19096
2022-01-22T17:10:03.598,35090.96,0.23047,35090.97,0.30126
2022-01-22T17:10:04.598,35097.97,0.1619,35097.98,0.1
2022-01-22T17:10:05.598,35090.0,0.21319,35090.01,0.08897
2022-01-22T17:10:06.6,35094.69,0.11366,35094.7,0.14297
2022-01-22T17:10:07.599,35086.44,0.14902,35086.45,0.21205
2022-01-22T17:10:08.6,35090.84,0.16159,35090.85,0.07451
2022-01-22T17:10:09.6,35090.84,0.16159,35090.85,0.15367
2022-01-22T17:10:10.6,35084.76,0.05669,35088.34,0.01998
2022-01-22T17:10:11.6,35078.01,0.025,35078.06,0.07769
2022-01-22T17:10:12.6,35071.24,0.05156,35071.8,0.24754
2022-01-22T17:10:13.605,35068.29,0.16978,35068.3,0.08196
2022-01-22T17:10:14.6,35070.72,0.3929,35070.73,0.03297
2022-01-22T17:10:15.6,35070.72,0.2899,35070.73,0.16476
2022-01-22T17:10:16.6,35068.26,0.07138,35068.27,1.47241
2022-01-22T17:10:17.6,35060.49,0.16392,35060.5,0.6186
2022-01-22T17:10:18.6,35067.98,0.18032,35067.99,0.05834
2022-01-22T17:10:19.608,35058.28,0.09016,35058.29,0.10529
2022-01-22T17:10:20.6,35057.27,0.00672,35057.28,1.17449
2022-01-22T17:10:21.6,35064.06,0.09433,35064.07,0.01
2022-01-22T17:10:22.6,35050.0,0.02957,35050.01,0.03013
2022-01-22T17:10:23.601,35049.99,0.18032,35050.0,0.29807
2022-01-22T17:10:24.601,35060.98,0.13854,35060.99,0.40729
2022-01-22T17:10:25.601,35060.98,0.1305,35060.99,0.67694
2022-01-22T17:10:26.601,35066.19,0.09868,35066.2,0.15236
2022-01-22T17:10:27.6,35061.02,0.20937,35061.03,1.11392
2022-01-22T17:10:28.608,35049.99,0.1432,35050.0,0.79105
2022-01-22T17:10:29.601,35045.4,0.00774,35045.41,0.20387
2022-01-22T17:10:30.6,35049.99,0.17645,35050.0,0.14019
2022-01-22T17:10:31.613,35053.76,0.01017,35053.77,0.08196
2022-01-22T17:10:32.601,35044.83,0.01125,35044.84,0.63581
2022-01-22T17:10:33.602,35038.35,0.0057,35038.36,0.3617
2022-01-22T17:10:34.631,35037.98,0.00091,35037.99,0.01998
2022-01-22T17:10:35.601,35031.63,0.11198,35031.64,0.13
2022-01-22T17:10:36.601,35040.29,0.5,35041.0,0.01
2022-01-22T17:10:37.627,35036.01,0.16121,35036.02,0.26992
2022-01-22T17:10:38.601,35024.36,0.19101,35024.37,0.58868
2022-01-22T17:10:39.602,35029.92,0.04221,35029.93,0.18032
2022-01-22T17:10:40.63,35020.0,0.20205,35020.01,0.27394
2022-01-22T17:10:41.602,35029.99,0.72556,35030.0,0.07804
2022-01-22T17:10:42.602,35029.99,0.50236,35030.0,0.05397
2022-01-22T17:10:43.621,35029.58,0.07987,35032.49,0.01094
2022-01-22T17:10:44.603,35035.99,0.09016,35036.0,0.01
2022-01-22T17:10:45.603,35049.98,0.33826,35049.99,0.10032
2022-01-22T17:10:46.602,35044.99,1.0e-5,35045.0,0.52186
2022-01-22T17:10:47.619,35029.61,0.08072,35029.62,0.279
2022-01-22T17:10:48.603,35034.0,0.20904,35037.46,0.11961
2022-01-22T17:10:49.602,35037.37,0.3732,35037.38,0.14476
2022-01-22T17:10:50.604,35037.37,0.36333,35037.38,0.11586
2022-01-22T17:10:51.603,35039.98,0.01272,35039.99,0.5211
2022-01-22T17:10:52.609,35030.96,0.13692,35030.97,0.23549
2022-01-22T17:10:53.603,35029.61,0.04809,35029.62,0.36211
2022-01-22T17:10:54.603,35026.64,0.15108,35026.65,0.17765
2022-01-22T17:10:55.604,35037.99,1.09679,35038.0,1.0e-5
2022-01-22T17:10:56.604,35049.65,0.68066,35049.66,0.1088
2022-01-22T17:10:57.604,35049.99,0.72391,35050.0,0.8813
2022-01-22T17:10:58.604,35049.99,0.80688,35050.0,0.87752
2022-01-22T17:10:59.604,35063.13,0.17666,35063.14,0.13074
2022-01-22T17:11:00.605,35046.9,0.04753,35047.62,0.0195
2022-01-22T17:11:01.605,35045.0,1.0e-5,35045.01,0.77322
2022-01-22T17:11:02.611,35039.1,1.0e-5,35039.11,0.66555
2022-01-22T17:11:03.611,35028.04,0.12909,35028.05,0.08316
2022-01-22T17:11:04.61,35029.99,0.20325,35030.0,4.11493
2022-01-22T17:11:05.611,35021.01,0.00016,35021.02,0.36132
2022-01-22T17:11:06.611,35027.99,0.12483,35028.0,0.24301
2022-01-22T17:11:07.611,35024.44,0.03671,35024.45,0.2403
2022-01-22T17:11:08.611,35027.65,0.43667,35029.71,0.25983
2022-01-22T17:11:09.611,35029.7,0.17957,35029.71,0.14772
2022-01-22T17:11:10.611,35037.88,0.18283,35037.89,0.09161
2022-01-22T17:11:11.611,35028.0,0.03507,35028.01,0.2174
2022-01-22T17:11:12.611,35039.06,0.22778,35039.07,1.09917
2022-01-22T17:11:13.611,35027.64,0.63407,35031.16,0.01092
2022-01-22T17:11:14.612,35041.75,0.24794,35041.76,0.10948
2022-01-22T17:11:15.611,35037.98,0.12562,35037.99,3.10344
